% Chapter 1: Introduction

@article{yushkevich2006user,
  title={User-guided 3D active contour segmentation of anatomical structures: significantly improved efficiency and reliability},
  author={Yushkevich, Paul A and Piven, Joseph and Hazlett, Heather Cody and Smith, Rachel Gimpel and Ho, Sean and Gee, James C and Gerig, Guido},
  journal={Neuroimage},
  volume={31},
  number={3},
  pages={1116--1128},
  year={2006},
  publisher={Elsevier}
}

@article{zhou2021active,
  title={Active, Continual Fine Tuning of Convolutional Neural Networks for Reducing Annotation Efforts},
  author={Zhou, Zongwei and Shin, Jae Y and Gurudu, Suryakanth R and Gotway, Michael B and Liang, Jianming},
  journal={Medical Image Analysis},
  pages={101997},
  year={2021},
  publisher={Elsevier}
}

@article{shi2020review,
  title={Review of artificial intelligence techniques in imaging data acquisition, segmentation and diagnosis for covid-19},
  author={Shi, Feng and Wang, Jun and Shi, Jun and Wu, Ziyan and Wang, Qian and Tang, Zhenyu and He, Kelei and Shi, Yinghuan and Shen, Dinggang},
  journal={IEEE reviews in biomedical engineering},
  year={2020},
  publisher={IEEE}
}

@article{dong2020role,
  title={The role of imaging in the detection and management of COVID-19: a review},
  author={Dong, Di and Tang, Zhenchao and Wang, Shuo and Hui, Hui and Gong, Lixin and Lu, Yao and Xue, Zhong and Liao, Hongen and Chen, Fang and Yang, Fan and others},
  journal={IEEE reviews in biomedical engineering},
  year={2020},
  publisher={IEEE}
}

@article{mckinney2020international,
  title={International evaluation of an AI system for breast cancer screening},
  author={McKinney, Scott Mayer and Sieniek, Marcin and Godbole, Varun and Godwin, Jonathan and Antropova, Natasha and Ashrafian, Hutan and Back, Trevor and Chesus, Mary and Corrado, Greg S and Darzi, Ara and others},
  journal={Nature},
  volume={577},
  number={7788},
  pages={89--94},
  year={2020},
  publisher={Nature Publishing Group}
}

@article{lecun2015deep,
  title={Deep learning},
  author={LeCun, Yann and Bengio, Yoshua and Hinton, Geoffrey},
  journal={nature},
  volume={521},
  number={7553},
  pages={436},
  year={2015},
  publisher={Nature Publishing Group}
}

@article{kovashka2016crowdsourcing,
  title={Crowdsourcing in computer vision},
  author={Kovashka, Adriana and Russakovsky, Olga and Fei-Fei, Li and Grauman, Kristen},
  journal={arXiv preprint arXiv:1611.02145},
  year={2016}
}

@article{kuznetsova2020open,
  title={The open images dataset v4},
  author={Kuznetsova, Alina and Rom, Hassan and Alldrin, Neil and Uijlings, Jasper and Krasin, Ivan and Pont-Tuset, Jordi and Kamali, Shahab and Popov, Stefan and Malloci, Matteo and Kolesnikov, Alexander and others},
  journal={International Journal of Computer Vision},
  pages={1--26},
  year={2020},
  publisher={Springer}
}

@book{goodfellow2016deep,
  title={Deep learning},
  author={Goodfellow, Ian and Bengio, Yoshua and Courville, Aaron and Bengio, Yoshua},
  volume={1},
  number={2},
  year={2016},
  publisher={MIT press Cambridge}
}

@book{beutel2000handbook,
  title={Handbook of Medical Imaging: Medical image processing and analysis},
  author={Beutel, Jacob and Sonka, Milan and Kundel, Harold L and Van Metter, Richard L and Fitzpatrick, J Michael},
  volume={2},
  year={2000},
  publisher={Spie Press}
}

@article{haenssle2018man,
  title={Man against machine: diagnostic performance of a deep learning convolutional neural network for dermoscopic melanoma recognition in comparison to 58 dermatologists},
  author={Haenssle, Holger A and Fink, Christine and Schneiderbauer, R and Toberer, Ferdinand and Buhl, Timo and Blum, A and Kalloo, A and Hassen, A Ben Hadj and Thomas, Luc and Enk, A and others},
  journal={Annals of Oncology},
  volume={29},
  number={8},
  pages={1836--1842},
  year={2018},
  publisher={Oxford University Press}
}

@article{kooi2017large,
  title={Large scale deep learning for computer aided detection of mammographic lesions},
  author={Kooi, Thijs and Litjens, Geert and Van Ginneken, Bram and Gubern-M{\'e}rida, Albert and S{\'a}nchez, Clara I and Mann, Ritse and den Heeten, Ard and Karssemeijer, Nico},
  journal={Medical image analysis},
  volume={35},
  pages={303--312},
  year={2017},
  publisher={Elsevier}
}

@article{cicero2017training,
  title={Training and validating a deep convolutional neural network for computer-aided detection and classification of abnormalities on frontal chest radiographs},
  author={Cicero, Mark and Bilbily, Alexander and Colak, Errol and Dowdell, Tim and Gray, Bruce and Perampaladas, Kuhan and Barfett, Joseph},
  journal={Investigative radiology},
  volume={52},
  number={5},
  pages={281--287},
  year={2017},
  publisher={LWW}
}

@article{de2018clinically,
  title={Clinically applicable deep learning for diagnosis and referral in retinal disease},
  author={De Fauw, Jeffrey and Ledsam, Joseph R and Romera-Paredes, Bernardino and Nikolov, Stanislav and Tomasev, Nenad and Blackwell, Sam and Askham, Harry and Glorot, Xavier and Oâ€™Donoghue, Brendan and Visentin, Daniel and others},
  journal={Nature medicine},
  volume={24},
  number={9},
  pages={1342--1350},
  year={2018},
  publisher={Nature Publishing Group}
}

@article{poplin2018prediction,
  title={Prediction of cardiovascular risk factors from retinal fundus photographs via deep learning},
  author={Poplin, Ryan and Varadarajan, Avinash V and Blumer, Katy and Liu, Yun and McConnell, Michael V and Corrado, Greg S and Peng, Lily and Webster, Dale R},
  journal={Nature Biomedical Engineering},
  volume={2},
  number={3},
  pages={158},
  year={2018},
  publisher={Nature Publishing Group}
}

@article{gulshan2016development,
  title={Development and validation of a deep learning algorithm for detection of diabetic retinopathy in retinal fundus photographs},
  author={Gulshan, Varun and Peng, Lily and Coram, Marc and Stumpe, Martin C and Wu, Derek and Narayanaswamy, Arunachalam and Venugopalan, Subhashini and Widner, Kasumi and Madams, Tom and Cuadros, Jorge and others},
  journal={Jama},
  volume={316},
  number={22},
  pages={2402--2410},
  year={2016},
  publisher={American Medical Association}
}

@article{yamamoto2019automated,
  title={Automated acquisition of explainable knowledge from unannotated histopathology images},
  author={Yamamoto, Yoichiro and Tsuzuki, Toyonori and Akatsuka, Jun and Ueki, Masao and Morikawa, Hiromu and Numata, Yasushi and Takahara, Taishi and Tsuyuki, Takuji and Tsutsumi, Kotaro and Nakazawa, Ryuto and others},
  journal={Nature communications},
  volume={10},
  number={1},
  pages={1--9},
  year={2019},
  publisher={Nature Publishing Group}
}

@manual{tajbakhsh2020annotation,
  title  = {IEEE Transactions on Medical Imaging Special Issue on Annotation-Efficient Deep Learning for Medical Imaging},
  author = {Tajbakhsh, Nima and Liang, Jianming and Roth, Holger and Terzopoulos, Demetri},
  url    = {https://www.embs.org/wp-content/uploads/2020/06/TMI-Special_issue-4.pdf},
  year   = {2020}
}

@article{beck2011systematic,
  title={Systematic analysis of breast cancer morphology uncovers stromal features associated with survival},
  author={Beck, Andrew H and Sangoi, Ankur R and Leung, Samuel and Marinelli, Robert J and Nielsen, Torsten O and Van De Vijver, Marc J and West, Robert B and Van De Rijn, Matt and Koller, Daphne},
  journal={Science translational medicine},
  volume={3},
  number={108},
  pages={108ra113--108ra113},
  year={2011},
  publisher={American Association for the Advancement of Science}
}

@article{charoentong2017pan,
  title={Pan-cancer immunogenomic analyses reveal genotype-immunophenotype relationships and predictors of response to checkpoint blockade},
  author={Charoentong, Pornpimol and Finotello, Francesca and Angelova, Mihaela and Mayer, Clemens and Efremova, Mirjana and Rieder, Dietmar and Hackl, Hubert and Trajanoski, Zlatko},
  journal={Cell reports},
  volume={18},
  number={1},
  pages={248--262},
  year={2017},
  publisher={Elsevier}
}

@inproceedings{cirecsan2013mitosis,
  title={Mitosis detection in breast cancer histology images with deep neural networks},
  author={Cire{\c{s}}an, Dan C and Giusti, Alessandro and Gambardella, Luca M and Schmidhuber, J{\"u}rgen},
  booktitle={International conference on medical image computing and computer-assisted intervention},
  pages={411--418},
  year={2013},
  organization={Springer}
}

@article{cheng2016computer,
  title={Computer-aided diagnosis with deep learning architecture: applications to breast lesions in US images and pulmonary nodules in CT scans},
  author={Cheng, Jie-Zhi and Ni, Dong and Chou, Yi-Hong and Qin, Jing and Tiu, Chui-Mei and Chang, Yeun-Chung and Huang, Chiun-Sheng and Shen, Dinggang and Chen, Chung-Ming},
  journal={Scientific reports},
  volume={6},
  number={1},
  pages={1--13},
  year={2016},
  publisher={Nature Publishing Group}
}

@article{ardila2019end,
  title={End-to-end lung cancer screening with three-dimensional deep learning on low-dose chest computed tomography},
  author={Ardila, Diego and Kiraly, Atilla P and Bharadwaj, Sujeeth and Choi, Bokyung and Reicher, Joshua J and Peng, Lily and Tse, Daniel and Etemadi, Mozziyar and Ye, Wenxing and Corrado, Greg and others},
  journal={Nature medicine},
  volume={25},
  number={6},
  pages={954--961},
  year={2019},
  publisher={Nature Publishing Group}
}

@inproceedings{bar2015chest,
  title={Chest pathology detection using deep learning with non-medical training},
  author={Bar, Yaniv and Diamant, Idit and Wolf, Lior and Lieberman, Sivan and Konen, Eli and Greenspan, Hayit},
  booktitle={2015 IEEE 12th international symposium on biomedical imaging (ISBI)},
  pages={294--297},
  year={2015},
  organization={IEEE}
}

@article{esteva2017dermatologist,
  title={Dermatologist-level classification of skin cancer with deep neural networks},
  author={Esteva, Andre and Kuprel, Brett and Novoa, Roberto A and Ko, Justin and Swetter, Susan M and Blau, Helen M and Thrun, Sebastian},
  journal={Nature},
  volume={542},
  number={7639},
  pages={115},
  year={2017},
  publisher={Nature Publishing Group}
}

@inproceedings{deng2009imagenet,
  title={Imagenet: A large-scale hierarchical image database},
  author={Deng, Jia and Dong, Wei and Socher, Richard and Li, Li-Jia and Li, Kai and Fei-Fei, Li},
  booktitle={Proceedings of the IEEE Conference on Computer Vision and Pattern Recognition},
  pages={248--255},
  year={2009},
  organization={IEEE}
}

@article{zhou2017places,
  title={Places: A 10 million image database for scene recognition},
  author={Zhou, Bolei and Lapedriza, Agata and Khosla, Aditya and Oliva, Aude and Torralba, Antonio},
  journal={IEEE transactions on pattern analysis and machine intelligence},
  year={2017},
  publisher={IEEE}
}

@book{shen2019medical,
  title={Medical Image Computing and Computer Assisted Intervention--MICCAI 2019: 22nd International Conference, Shenzhen, China, October 13--17, 2019, Proceedings},
  author={Shen, Dinggang and Liu, Tianming and Peters, Terry M and Staib, Lawrence H and Essert, Caroline and Zhou, Sean and Yap, Pew-Thian and Khan, Ali},
  volume={11767},
  year={2019},
  publisher={Springer Nature}
}

@book{zhou2019handbook,
  title={Handbook of medical image computing and computer assisted intervention},
  author={Zhou, S Kevin and Rueckert, Daniel and Fichtinger, Gabor},
  year={2019},
  publisher={Academic Press}
}

@article{li2006confidence,
  title={Confidence-based active learning},
  author={Li, Mingkun and Sethi, Ishwar K},
  journal={IEEE Transactions on Pattern Analysis and Machine Intelligence},
  volume={28},
  number={8},
  pages={1251--1261},
  year={2006},
  publisher={IEEE}
}

@article{settles2009active,
  title={Active learning literature survey},
  author={Settles, Burr},
  year={2009},
  publisher={University of Wisconsin-Madison Department of Computer Sciences}
}

@book{guyon2012active,
  title={Active Learning Challenge: Challenges in Machine Learning, Volumen 6},
  author={Guyon, Isabelle and Cawley, Gavin and Dror, Gideon and Lemaire, Vincent and Statnikov, Alexander},
  year={2012},
  publisher={Microtome publishing}
}

@inproceedings{huang2010active,
  title={Active learning by querying informative and representative examples},
  author={Huang, Sheng-Jun and Jin, Rong and Zhou, Zhi-Hua},
  booktitle={Advances in neural information processing systems},
  pages={892--900},
  year={2010}
}

@inproceedings{liu2017active,
  title={Active learning for human pose estimation},
  author={Liu, Buyu and Ferrari, Vittorio},
  booktitle={Proceedings of the IEEE International Conference on Computer Vision},
  pages={4363--4372},
  year={2017}
}

@inproceedings{konyushkova2017learning,
  title={Learning Active Learning from Data},
  author={Konyushkova, Ksenia and Sznitman, Raphael and Fua, Pascal},
  booktitle={Advances in Neural Information Processing Systems},
  pages={4226--4236},
  year={2017}
}

@inproceedings{mosinska2017active,
  title={Active Learning and Proofreading for Delineation of Curvilinear Structures},
  author={Mosinska, Agata and Tarnawski, Jakub and Fua, Pascal},
  booktitle={International Conference on Medical Image Computing and Computer-Assisted Intervention},
  pages={165--173},
  year={2017},
  organization={Springer}
}

@article{zhang2017transfer,
  title={Transfer learning for cross-dataset recognition: a survey},
  author={Zhang, Jing and Li, Wanqing and Ogunbona, Philip},
  journal={arXiv preprint arXiv:1705.04396},
  year={2017}
}

@inproceedings{wang2018deep,
  title={Deep Active Self-paced Learning for Accurate Pulmonary Nodule Segmentation},
  author={Wang, Wenzhe and Lu, Yifei and Wu, Bian and Chen, Tingting and Chen, Danny Z and Wu, Jian},
  booktitle={International Conference on Medical Image Computing and Computer-Assisted Intervention},
  pages={723--731},
  year={2018},
  organization={Springer}
}

@inproceedings{huang2018cost,
  title={Cost-effective training of deep cnns with active model adaptation},
  author={Huang, Sheng-Jun and Zhao, Jia-Wei and Liu, Zhao-Yang},
  booktitle={Proceedings of the 24th ACM SIGKDD International Conference on Knowledge Discovery \& Data Mining},
  pages={1580--1588},
  year={2018},
  organization={ACM}
}

@article{lin2018active,
  title={Active self-paced learning for cost-effective and progressive face identification},
  author={Lin, Liang and Wang, Keze and Meng, Deyu and Zuo, Wangmeng and Zhang, Lei},
  journal={IEEE transactions on pattern analysis and machine intelligence},
  volume={40},
  number={1},
  pages={7--19},
  year={2018},
  publisher={IEEE}
}

@inproceedings{chattopadhyay2013joint,
  title={Joint transfer and batch-mode active learning},
  author={Chattopadhyay, Rita and Fan, Wei and Davidson, Ian and Panchanathan, Sethuraman and Ye, Jieping},
  booktitle={International Conference on Machine Learning},
  pages={253--261},
  year={2013}
}

@article{wang2016cost,
  title={Cost-effective active learning for deep image classification},
  author={Wang, Keze and Zhang, Dongyu and Li, Ya and Zhang, Ruimao and Lin, Liang},
  journal={IEEE Transactions on Circuits and Systems for Video Technology},
  volume={27},
  number={12},
  pages={2591--2600},
  year={2016},
  publisher={IEEE}
}

@inproceedings{beluch2018power,
  title={The power of ensembles for active learning in image classification},
  author={Beluch, William H and Genewein, Tim and N{\"u}rnberger, Andreas and K{\"o}hler, Jan M},
  booktitle={Proceedings of the IEEE Conference on Computer Vision and Pattern Recognition},
  pages={9368--9377},
  year={2018}
}

% Chapter 2: History

@article{yuille2021deep,
  title={Deep nets: What have they ever done for vision?},
  author={Yuille, Alan L and Liu, Chenxi},
  journal={International Journal of Computer Vision},
  volume={129},
  number={3},
  pages={781--802},
  year={2021},
  publisher={Springer}
}

@misc{wiggers2020yann,
  title={Yann LeCun and Yoshua Bengio: Self-supervised learning is the key to humanlevel intelligence},
  author={Wiggers, Kyle},
  year={2020},
  publisher={May}
}

@article{lecun1989backpropagation,
  title={Backpropagation applied to handwritten zip code recognition},
  author={LeCun, Yann and Boser, Bernhard and Denker, John S and Henderson, Donnie and Howard, Richard E and Hubbard, Wayne and Jackel, Lawrence D},
  journal={Neural computation},
  volume={1},
  number={4},
  pages={541--551},
  year={1989},
  publisher={MIT Press}
}

@book{bengio2009learning,
  title={Learning deep architectures for AI},
  author={Bengio, Yoshua},
  year={2009},
  publisher={Now Publishers Inc}
}

% Chapter 2: Active fine-tuning

@article{bi2019active,
  title={An active deep learning approach for minimally supervised PolSAR image classification},
  author={Bi, Haixia and Xu, Feng and Wei, Zhiqiang and Xue, Yong and Xu, Zongben},
  journal={IEEE Transactions on Geoscience and Remote Sensing},
  volume={57},
  number={11},
  pages={9378--9395},
  year={2019},
  publisher={IEEE}
}

@inproceedings{gao2020consistency,
  title={Consistency-based semi-supervised active learning: Towards minimizing labeling cost},
  author={Gao, Mingfei and Zhang, Zizhao and Yu, Guo and Ar{\i}k, Sercan {\"O} and Davis, Larry S and Pfister, Tomas},
  booktitle={European Conference on Computer Vision},
  pages={510--526},
  year={2020},
  organization={Springer}
}

@article{zhang2019using,
  title={Using an Ensemble of Incrementally Fine-Tuned CNNs for Cross-Domain Object Category Recognition},
  author={Zhang, Xuesong and Yan, Fei and Zhuang, Yan and Hu, Huosheng and Bu, Chunguang},
  journal={IEEE Access},
  volume={7},
  pages={33822--33833},
  year={2019},
  publisher={IEEE}
}

@article{li2019reverse,
  title={Reverse active learning based atrous DenseNet for pathological image classification},
  author={Li, Yuexiang and Xie, Xinpeng and Shen, Linlin and Liu, Shaoxiong},
  journal={BMC bioinformatics},
  volume={20},
  number={1},
  pages={445},
  year={2019},
  publisher={Springer}
}

@inproceedings{shi2019active,
  title={An Active Learning Approach for Reducing Annotation Cost in Skin Lesion Analysis},
  author={Shi, Xueying and Dou, Qi and Xue, Cheng and Qin, Jing and Chen, Hao and Heng, Pheng-Ann},
  booktitle={International Workshop on Machine Learning in Medical Imaging},
  pages={628--636},
  year={2019},
  organization={Springer}
}

@inproceedings{duan2019improved,
  title={An Improved Active Incremental Fine-Tuning Method Using Outlier Detection Based on the Normal Distribution},
  author={Duan, Guiduo and Wang, Zipeng and Sun, Lin and Ruan, Pei and Lu, Guoming},
  booktitle={2019 International Conference on Internet of Things (iThings) and IEEE Green Computing and Communications (GreenCom) and IEEE Cyber, Physical and Social Computing (CPSCom) and IEEE Smart Data (SmartData)},
  pages={888--894},
  year={2019},
  organization={IEEE}
}

@article{budd2019survey,
  title={A Survey on Active Learning and Human-in-the-Loop Deep Learning for Medical Image Analysis},
  author={Budd, Samuel and Robinson, Emma C and Kainz, Bernhard},
  journal={arXiv preprint arXiv:1910.02923},
  year={2019}
}

@article{zhang2019medical,
  title={Medical image classification using synergic deep learning},
  author={Zhang, Jianpeng and Xie, Yutong and Wu, Qi and Xia, Yong},
  journal={Medical image analysis},
  volume={54},
  pages={10--19},
  year={2019},
  publisher={Elsevier}
}

@article{liu2019exploiting,
  title={Exploiting Unlabeled Data in CNNs by Self-supervised Learning to Rank},
  author={Liu, Xialei and Van De Weijer, Joost and Bagdanov, Andrew D},
  journal={IEEE transactions on pattern analysis and machine intelligence},
  year={2019},
  publisher={IEEE}
}

@article{zhang2019attention,
  title={Attention residual learning for skin lesion classification},
  author={Zhang, Jianpeng and Xie, Yutong and Xia, Yong and Shen, Chunhua},
  journal={IEEE transactions on medical imaging},
  year={2019},
  publisher={IEEE}
}

@inproceedings{wang2018uncertainty,
  title={Uncertainty Sampling for Action Recognition via Maximizing Expected Average Precision.},
  author={Wang, Hanmo and Chang, Xiaojun and Shi, Lei and Yang, Yi and Shen, Yi-Dong},
  booktitle={IJCAI},
  pages={964--970},
  year={2018}
}

@inproceedings{holub2008entropy,
  title={Entropy-based active learning for object recognition},
  author={Holub, Alex and Perona, Pietro and Burl, Michael C},
  booktitle={2008 IEEE Computer Society Conference on Computer Vision and Pattern Recognition Workshops},
  pages={1--8},
  year={2008},
  organization={IEEE}
}

@inproceedings{zhu2017deeply,
  title={Deeply-supervised CNN for prostate segmentation},
  author={Zhu, Qikui and Du, Bo and Turkbey, Baris and Choyke, Peter L and Yan, Pingkun},
  booktitle={International Joint Conference on Neural Networks (IJCNN)},
  pages={178--184},
  year={2017},
  organization={IEEE}
}

@inproceedings{dou20163d,
  title={3d deeply supervised network for automatic liver segmentation from ct volumes},
  author={Dou, Qi and Chen, Hao and Jin, Yueming and Yu, Lequan and Qin, Jing and Heng, Pheng-Ann},
  booktitle={International Conference on Medical Image Computing and Computer-Assisted Intervention},
  pages={149--157},
  year={2016},
  organization={Springer}
}

@inproceedings{ma2019multi,
  title={Multi-attention Network for Thoracic Disease Classification and Localization},
  author={Ma, Yanbo and Zhou, Qiuhao and Chen, Xuesong and Lu, Haihua and Zhao, Yong},
  booktitle={ICASSP 2019-2019 IEEE International Conference on Acoustics, Speech and Signal Processing (ICASSP)},
  pages={1378--1382},
  year={2019},
  organization={IEEE}
}

@inproceedings{he2016identity,
  title={Identity mappings in deep residual networks},
  author={He, Kaiming and Zhang, Xiangyu and Ren, Shaoqing and Sun, Jian},
  booktitle={Proceedings of the European Conference on Computer Vision},
  pages={630--645},
  year={2016},
  organization={Springer}
}

@inproceedings{guendel2018learning,
  title={Learning to recognize abnormalities in chest x-rays with location-aware dense networks},
  author={Guendel, Sebastian and Grbic, Sasa and Georgescu, Bogdan and Liu, Siqi and Maier, Andreas and Comaniciu, Dorin},
  booktitle={Iberoamerican Congress on Pattern Recognition},
  pages={757--765},
  year={2018},
  organization={Springer}
}

@inproceedings{tang2018attention,
  title={Attention-guided curriculum learning for weakly supervised classification and localization of thoracic diseases on chest radiographs},
  author={Tang, Yuxing and Wang, Xiaosong and Harrison, Adam P and Lu, Le and Xiao, Jing and Summers, Ronald M},
  booktitle={International Workshop on Machine Learning in Medical Imaging},
  pages={249--258},
  year={2018},
  organization={Springer}
}

@article{guan2018multi,
  title={Multi-label chest X-ray image classification via category-wise residual attention learning},
  author={Guan, Qingji and Huang, Yaping},
  journal={Pattern Recognition Letters},
  year={2018},
  publisher={Elsevier}
}

@inproceedings{zhou2017fine,
  title={Fine-tuning convolutional neural networks for biomedical image analysis: actively and incrementally},
  author={Zhou, Zongwei and Shin, Jae and Zhang, Lei and Gurudu, Suryakanth and Gotway, Michael and Liang, Jianming},
  booktitle={Proceedings of the IEEE Conference on Computer Vision and Pattern Recognition},
  pages={7340--7349},
  year={2017}
}

@inproceedings{guyon2011results,
  title={Results of the active learning challenge},
  author={Guyon, Isabelle and Cawley, Gavin C and Dror, Gideon and Lemaire, Vincent},
  booktitle={Active Learning and Experimental Design workshop In conjunction with AISTATS 2010},
  pages={19--45},
  year={2011}
}

@inproceedings{borisov2010active,
  title={Active batch learning with stochastic query by forest},
  author={Borisov, Alexander and Tuv, Eugene and Runger, George},
  booktitle={JMLR: Workshop and Conference Proceedings (2010)},
  year={2010},
  organization={Citeseer}
}

@article{yuan2013truncated,
  title={Truncated power method for sparse eigenvalue problems},
  author={Yuan, Xiao-Tong and Zhang, Tong},
  journal={Journal of Machine Learning Research},
  volume={14},
  number={Apr},
  pages={899--925},
  year={2013}
}

@article{chakraborty2015active,
  title={Active batch selection via convex relaxations with guaranteed solution bounds},
  author={Chakraborty, Shayok and Balasubramanian, Vineeth and Sun, Qian and Panchanathan, Sethuraman and Ye, Jieping},
  journal={IEEE transactions on pattern analysis and machine intelligence},
  volume={37},
  number={10},
  pages={1945--1958},
  year={2015},
  publisher={IEEE}
}

@article{gunn1998support,
  title={Support vector machines for classification and regression},
  author={Gunn, Steve R and others},
  journal={ISIS technical report},
  volume={14},
  pages={85--86},
  year={1998}
}

@inproceedings{he2016deep,
  title={Deep residual learning for image recognition},
  author={He, Kaiming and Zhang, Xiangyu and Ren, Shaoqing and Sun, Jian},
  booktitle={Proceedings of the IEEE Conference on Computer Vision and Pattern Recognition},
  pages={770--778},
  year={2016}
}

@inproceedings{huang2017densely,
  title={Densely connected convolutional networks},
  author={Huang, Gao and Liu, Zhuang and Weinberger, Kilian Q and van der Maaten, Laurens},
  booktitle={Proceedings of the IEEE Conference on Computer Vision and Pattern Recognition},
  volume={1},
  number={2},
  pages={3},
  year={2017}
}

@article{simonyan2014very,
  title={Very deep convolutional networks for large-scale image recognition},
  author={Simonyan, Karen and Zisserman, Andrew},
  journal={arXiv preprint arXiv:1409.1556},
  year={2014}
}

@article{touvron2020fixing,
  title={Fixing the train-test resolution discrepancy: FixEfficientNet},
  author={Touvron, Hugo and Vedaldi, Andrea and Douze, Matthijs and J{\'e}gou, Herv{\'e}},
  journal={arXiv preprint arXiv:2003.08237},
  year={2020}
}

@inproceedings{irvin2019chexpert,
  title={Chexpert: A large chest radiograph dataset with uncertainty labels and expert comparison},
  author={Irvin, Jeremy and Rajpurkar, Pranav and Ko, Michael and Yu, Yifan and Ciurea-Ilcus, Silviana and Chute, Chris and Marklund, Henrik and Haghgoo, Behzad and Ball, Robyn and Shpanskaya, Katie and others},
  booktitle={Proceedings of the AAAI Conference on Artificial Intelligence},
  volume={33},
  pages={590--597},
  year={2019}
}

@book{efron1994introduction,
  title={An introduction to the bootstrap},
  author={Efron, Bradley and Tibshirani, Robert J},
  year={1994},
  publisher={CRC press}
}

@article{sourati2019intelligent,
  title={Intelligent labeling based on fisher information for medical image segmentation using deep learning},
  author={Sourati, Jamshid and Gholipour, Ali and Dy, Jennifer G and Tomas-Fernandez, Xavier and Kurugol, Sila and Warfield, Simon K},
  journal={IEEE transactions on medical imaging},
  volume={38},
  number={11},
  pages={2642--2653},
  year={2019},
  publisher={IEEE}
}

@incollection{sourati2018active,
  title={Active deep learning with Fisher information for patch-wise semantic segmentation},
  author={Sourati, Jamshid and Gholipour, Ali and Dy, Jennifer G and Kurugol, Sila and Warfield, Simon K},
  booktitle={Deep Learning in Medical Image Analysis and Multimodal Learning for Clinical Decision Support},
  pages={83--91},
  year={2018},
  publisher={Springer}
}

@inproceedings{kuo2018cost,
  title={Cost-sensitive active learning for intracranial hemorrhage detection},
  author={Kuo, Weicheng and H{\"a}ne, Christian and Yuh, Esther and Mukherjee, Pratik and Malik, Jitendra},
  booktitle={International Conference on Medical Image Computing and Computer-Assisted Intervention},
  pages={715--723},
  year={2018},
  organization={Springer}
}

@inproceedings{yang2017suggestive,
  title={Suggestive annotation: A deep active learning framework for biomedical image segmentation},
  author={Yang, Lin and Zhang, Yizhe and Chen, Jianxu and Zhang, Siyuan and Chen, Danny Z},
  booktitle={International conference on medical image computing and computer-assisted intervention},
  pages={399--407},
  year={2017},
  organization={Springer}
}

@article{al2016deep,
  title={Deep learning approach for active classification of electrocardiogram signals},
  author={Al Rahhal, MM and Bazi, Yakoub and AlHichri, Haikel and Alajlan, Naif and Melgani, Farid and Yager, RR},
  journal={Information Sciences},
  volume={345},
  pages={340--354},
  year={2016},
  publisher={Elsevier}
}

@inproceedings{stark2015captcha,
  title={CAPTCHA Recognition with Active Deep Learning},
  author={Stark, Fabian and Haz{\i}rbas, Caner and Triebel, Rudolph and Cremers, Daniel},
  booktitle={Workshop New Challenges in Neural Computation 2015},
  pages={94},
  year={2015},
  organization={Citeseer}
}

@inproceedings{li2015active,
  title={Active learning for hyperspectral image classification with a stacked autoencoders based neural network},
  author={Li, Jiming},
  booktitle={2015 7th Workshop on Hyperspectral Image and Signal Processing: Evolution in Remote Sensing (WHISPERS)},
  pages={1--4},
  year={2015},
  organization={IEEE}
}

@inproceedings{wang2014new,
  title={A new active labeling method for deep learning},
  author={Wang, Dan and Shang, Yi},
  booktitle={2014 International joint conference on neural networks (IJCNN)},
  pages={112--119},
  year={2014},
  organization={IEEE}
}

@article{tajbakhsh2019computer,
  title={Computer-aided detection and visualization of pulmonary embolism using a novel, compact, and discriminative image representation},
  author={Tajbakhsh, Nima and Shin, Jae Y and Gotway, Michael B and Liang, Jianming},
  journal={Medical image analysis},
  volume={58},
  pages={101541},
  year={2019},
  publisher={Elsevier}
}

@article{ding2018deep,
  title={A Deep learning model to predict a diagnosis of alzheimer disease by using 18F-FDG PET of the brain},
  author={Ding, Yiming and Sohn, Jae Ho and Kawczynski, Michael G and Trivedi, Hari and Harnish, Roy and Jenkins, Nathaniel W and Lituiev, Dmytro and Copeland, Timothy P and Aboian, Mariam S and Mari Aparici, Carina and others},
  journal={Radiology},
  volume={290},
  number={2},
  pages={456--464},
  year={2018},
  publisher={Radiological Society of North America}
}

@article{shannon1948mathematical,
  title={A mathematical theory of communication},
  author={Shannon, Claude E},
  journal={Bell system technical journal},
  volume={27},
  number={3},
  pages={379--423},
  year={1948},
  publisher={Wiley Online Library}
}

@inproceedings{mormont2018comparison,
  title={Comparison of deep transfer learning strategies for digital pathology},
  author={Mormont, Romain and Geurts, Pierre and Mar{\'e}e, Rapha{\"e}l},
  booktitle={Proceedings of the IEEE Conference on Computer Vision and Pattern Recognition Workshops},
  pages={2262--2271},
  year={2018}
}

@article{kukar2003transductive,
  title={Transductive reliability estimation for medical diagnosis},
  author={Kukar, Matja{\v{z}}},
  journal={Artificial Intelligence in Medicine},
  volume={29},
  number={1},
  pages={81--106},
  year={2003},
  publisher={Elsevier}
}

@article{moen2019deep,
  title={Deep learning for cellular image analysis},
  author={Moen, Erick and Bannon, Dylan and Kudo, Takamasa and Graf, William and Covert, Markus and Van Valen, David},
  journal={Nature methods},
  pages={1--14},
  year={2019},
  publisher={Nature Publishing Group}
}

@article{ravizza2019predicting,
  title={Predicting the early risk of chronic kidney disease in patients with diabetes using real-world data},
  author={Ravizza, Stefan and Huschto, Tony and Adamov, Anja and B{\"o}hm, Lars and B{\"u}sser, Alexander and Fl{\"o}ther, Frederik F and Hinzmann, Rolf and K{\"o}nig, Helena and McAhren, Scott M and Robertson, Daniel H and others},
  journal={Nature medicine},
  volume={25},
  number={1},
  pages={57--59},
  year={2019},
  publisher={Nature Publishing Group}
}

@article{lu2017deep,
  title={Deep learning and convolutional neural networks for medical image computing},
  author={Lu, Le and Zheng, Yefeng and Carneiro, Gustavo and Yang, Lin},
  journal={Advances in Computer Vision and Pattern Recognition},
  year={2017},
  publisher={Springer}
}

@article{huang2020penet,
  title={PENetâ€”a scalable deep-learning model for automated diagnosis of pulmonary embolism using volumetric CT imaging},
  author={Huang, Shih-Cheng and Kothari, Tanay and Banerjee, Imon and Chute, Chris and Ball, Robyn L and Borus, Norah and Huang, Andrew and Patel, Bhavik N and Rajpurkar, Pranav and Irvin, Jeremy and others},
  journal={npj Digital Medicine},
  volume={3},
  number={1},
  pages={1--9},
  year={2020},
  publisher={Nature Publishing Group}
}

@article{tajbakhsh2016convolutional,
  title={Convolutional Neural Networks for Medical Image Analysis: Full Training or Fine Tuning?},
  author={Tajbakhsh, Nima and Shin, Jae Y and Gurudu, Suryakanth R and Hurst, R Todd and Kendall, Christopher B and Gotway, Michael B and Liang, Jianming},
  journal={IEEE transactions on medical imaging},
  volume={35},
  number={5},
  pages={1299--1312},
  year={2016},
  publisher={IEEE}
}

@article{gepner2015comparison,
  title={A comparison of coronary artery calcium presence, carotid plaque presence, and carotid intima-media thickness for cardiovascular disease prediction in the multi-ethnic study of atherosclerosis (MESA)},
  author={Gepner, Adam D and Young, Rebekah and Delaney, Joseph A and Tattersall, Matthew C and Blaha, Michael J and Post, Wendy S and Gottesman, Rebecca F and Kronmal, Richard and Budoff, Matthew J and Burke, Gregory L and others},
  journal={Circulation. Cardiovascular imaging},
  volume={8},
  number={1},
  year={2015},
  publisher={NIH Public Access}
}

@inproceedings{shin2016automating,
  title={Automating carotid intima-media thickness video interpretation with convolutional neural networks},
  author={Shin, Jae and Tajbakhsh, Nima and Hurst, R Todd and Kendall, Christopher B and Liang, Jianming},
  booktitle={Proceedings of the IEEE Conference on Computer Vision and Pattern Recognition},
  pages={2526--2535},
  year={2016}
}

@article{stein2008use,
  title={Use of carotid ultrasound to identify subclinical vascular disease and evaluate cardiovascular disease risk: a consensus statement from the American Society of Echocardiography Carotid Intima-Media Thickness Task Force endorsed by the Society for Vascular Medicine},
  author={Stein, James H and Korcarz, Claudia E and Hurst, R Todd and Lonn, Eva and Kendall, Christopher B and Mohler, Emile R and Najjar, Samer S and Rembold, Christopher M and Post, Wendy S},
  journal={Journal of the American Society of Echocardiography},
  volume={21},
  number={2},
  pages={93--111},
  year={2008},
  publisher={Elsevier}
}

@article{hurst2010incidence,
  title={Incidence of subclinical atherosclerosis as a marker of cardiovascular risk in retired professional football players},
  author={Hurst, R Todd and Burke, Robert F and Wissner, Erik and Roberts, Arthur and Kendall, Christopher B and Lester, Steven J and Somers, Virend and Goldman, Martin E and Wu, Qing and Khandheria, Bijoy},
  journal={The American journal of cardiology},
  volume={105},
  number={8},
  pages={1107--1111},
  year={2010},
  publisher={Elsevier}
}

@article{zhou2019integrating,
  title={Integrating active learning and transfer learning for carotid intima-media thickness video interpretation},
  author={Zhou, Zongwei and Shin, Jae and Feng, Ruibin and Hurst, R Todd and Kendall, Christopher B and Liang, Jianming},
  journal={Journal of digital imaging},
  volume={32},
  number={2},
  pages={290--299},
  year={2019},
  publisher={Springer}
}

@inproceedings{kading2016fine,
  title={Fine-tuning deep neural networks in continuous learning scenarios},
  author={K{\"a}ding, Christoph and Rodner, Erik and Freytag, Alexander and Denzler, Joachim},
  booktitle={Asian Conference on Computer Vision},
  pages={588--605},
  year={2016},
  organization={Springer}
}

@inproceedings{haghighi2020learning,
  title={Learning Semantics-enriched Representation via Self-discovery, Self-classification, and Self-restoration},
  author={Haghighi, Fatemeh and Taher, Mohammad Reza Hosseinzadeh and Zhou, Zongwei and Gotway, Michael B and Liang, Jianming},
  booktitle={International Conference on Medical Image Computing and Computer-Assisted Intervention},
  pages={137--147},
  year={2020},
  organization={Springer}
}

@incollection{feng2020parts2whole,
  title={Parts2Whole: Self-supervised Contrastive Learning via Reconstruction},
  author={Feng, Ruibin and Zhou, Zongwei and Gotway, Michael B and Liang, Jianming},
  booktitle={Domain Adaptation and Representation Transfer, and Distributed and Collaborative Learning},
  pages={85--95},
  year={2020},
  publisher={Springer}
}

@article{azizi2021big,
  title={Big Self-Supervised Models Advance Medical Image Classification},
  author={Azizi, Shekoofeh and Mustafa, Basil and Ryan, Fiona and Beaver, Zachary and Freyberg, Jan and Deaton, Jonathan and Loh, Aaron and Karthikesalingam, Alan and Kornblith, Simon and Chen, Ting and others},
  journal={arXiv preprint arXiv:2101.05224},
  year={2021}
}

@inproceedings{gal2017deep,
  title={Deep bayesian active learning with image data},
  author={Gal, Yarin and Islam, Riashat and Ghahramani, Zoubin},
  booktitle={International Conference on Machine Learning},
  pages={1183--1192},
  year={2017},
  organization={PMLR}
}

@inproceedings{tsymbalov2018dropout,
  title={Dropout-based active learning for regression},
  author={Tsymbalov, Evgenii and Panov, Maxim and Shapeev, Alexander},
  booktitle={International conference on analysis of images, social networks and texts},
  pages={247--258},
  year={2018},
  organization={Springer}
}

@inproceedings{gal2016dropout,
  title={Dropout as a bayesian approximation: Representing model uncertainty in deep learning},
  author={Gal, Yarin and Ghahramani, Zoubin},
  booktitle={international conference on machine learning},
  pages={1050--1059},
  year={2016},
  organization={PMLR}
}

@inproceedings{venturini2020uncertainty,
  title={Uncertainty Estimates as Data Selection Criteria to Boost Omni-Supervised Learning},
  author={Venturini, Lorenzo and Papageorghiou, Aris T and Noble, J Alison and Namburete, Ana IL},
  booktitle={International Conference on Medical Image Computing and Computer-Assisted Intervention},
  pages={689--698},
  year={2020},
  organization={Springer}
}

@inproceedings{he2020momentum,
  title={Momentum contrast for unsupervised visual representation learning},
  author={He, Kaiming and Fan, Haoqi and Wu, Yuxin and Xie, Saining and Girshick, Ross},
  booktitle={Proceedings of the IEEE/CVF Conference on Computer Vision and Pattern Recognition},
  pages={9729--9738},
  year={2020}
}

@article{zhu2020rubik,
  title={Rubikâ€™s Cube+: A self-supervised feature learning framework for 3D medical image analysis},
  author={Zhu, Jiuwen and Li, Yuexiang and Hu, Yifan and Ma, Kai and Zhou, S Kevin and Zheng, Yefeng},
  journal={Medical Image Analysis},
  volume={64},
  pages={101746},
  year={2020},
  publisher={Elsevier}
}

@article{sourati2016classification,
  title={Classification active learning based on mutual information},
  author={Sourati, Jamshid and Akcakaya, Murat and Dy, Jennifer G and Leen, Todd K and Erdogmus, Deniz},
  journal={Entropy},
  volume={18},
  number={2},
  pages={51},
  year={2016},
  publisher={Multidisciplinary Digital Publishing Institute}
}

@article{boushehri2020annotation,
  title={Annotation-efficient classification combining active learning, pre-training and semi-supervised learning for biomedical images},
  author={Boushehri, Sayedali Shetab and Qasim, Ahmad Bin and Waibel, Dominik and Schmich, Fabian and Marr, Carsten},
  journal={bioRxiv},
  year={2020},
  publisher={Cold Spring Harbor Laboratory}
}

@article{grill2020bootstrap,
  title={Bootstrap your own latent: A new approach to self-supervised learning},
  author={Grill, Jean-Bastien and Strub, Florian and Altch{\'e}, Florent and Tallec, Corentin and Richemond, Pierre H and Buchatskaya, Elena and Doersch, Carl and Pires, Bernardo Avila and Guo, Zhaohan Daniel and Azar, Mohammad Gheshlaghi and others},
  journal={arXiv preprint arXiv:2006.07733},
  year={2020}
}

@article{caron2020unsupervised,
  title={Unsupervised learning of visual features by contrasting cluster assignments},
  author={Caron, Mathilde and Misra, Ishan and Mairal, Julien and Goyal, Priya and Bojanowski, Piotr and Joulin, Armand},
  journal={arXiv preprint arXiv:2006.09882},
  year={2020}
}

@article{chen2020exploring,
  title={Exploring Simple Siamese Representation Learning},
  author={Chen, Xinlei and He, Kaiming},
  journal={arXiv preprint arXiv:2011.10566},
  year={2020}
}

@inproceedings{balcan2007margin,
  title={Margin based active learning},
  author={Balcan, Maria-Florina and Broder, Andrei and Zhang, Tong},
  booktitle={International Conference on Computational Learning Theory},
  pages={35--50},
  year={2007},
  organization={Springer}
}

@inproceedings{scheffer2001active,
  title={Active hidden markov models for information extraction},
  author={Scheffer, Tobias and Decomain, Christian and Wrobel, Stefan},
  booktitle={International Symposium on Intelligent Data Analysis},
  pages={309--318},
  year={2001},
  organization={Springer}
}

@incollection{dagan1995committee,
  title={Committee-based sampling for training probabilistic classifiers},
  author={Dagan, Ido and Engelson, Sean P},
  booktitle={Machine Learning Proceedings 1995},
  pages={150--157},
  year={1995},
  publisher={Elsevier}
}

@inproceedings{shao2018deep,
  title={Deep active learning for nucleus classification in pathology images},
  author={Shao, Wei and Sun, Liang and Zhang, Daoqiang},
  booktitle={2018 IEEE 15th International Symposium on Biomedical Imaging (ISBI 2018)},
  pages={199--202},
  year={2018},
  organization={IEEE}
}

@inproceedings{mahapatra2018efficient,
  title={Efficient active learning for image classification and segmentation using a sample selection and conditional generative adversarial network},
  author={Mahapatra, Dwarikanath and Bozorgtabar, Behzad and Thiran, Jean-Philippe and Reyes, Mauricio},
  booktitle={International Conference on Medical Image Computing and Computer-Assisted Intervention},
  pages={580--588},
  year={2018},
  organization={Springer}
}

@article{hinton2021represent,
  title={How to represent part-whole hierarchies in a neural network},
  author={Hinton, Geoffrey},
  journal={arXiv preprint arXiv:2102.12627},
  year={2021}
}

@article{dosovitskiy2020image,
  title={An image is worth 16x16 words: Transformers for image recognition at scale},
  author={Dosovitskiy, Alexey and Beyer, Lucas and Kolesnikov, Alexander and Weissenborn, Dirk and Zhai, Xiaohua and Unterthiner, Thomas and Dehghani, Mostafa and Minderer, Matthias and Heigold, Georg and Gelly, Sylvain and others},
  journal={arXiv preprint arXiv:2010.11929},
  year={2020}
}

@article{hino2020active,
  title={Active Learning: Problem Settings and Recent Developments},
  author={Hino, Hideitsu},
  journal={arXiv preprint arXiv:2012.04225},
  year={2020}
}

@article{yuan2020cold,
  title={Cold-start active learning through self-supervised language modeling},
  author={Yuan, Michelle and Lin, Hsuan-Tien and Boyd-Graber, Jordan},
  journal={arXiv preprint arXiv:2010.09535},
  year={2020}
}

@article{mundt2020wholistic,
  title={A wholistic view of continual learning with deep neural networks: Forgotten lessons and the bridge to active and open world learning},
  author={Mundt, Martin and Hong, Yong Won and Pliushch, Iuliia and Ramesh, Visvanathan},
  journal={arXiv preprint arXiv:2009.01797},
  year={2020}
}

@article{ren2020survey,
  title={A Survey of Deep Active Learning},
  author={Ren, Pengzhen and Xiao, Yun and Chang, Xiaojun and Huang, Po-Yao and Li, Zhihui and Chen, Xiaojiang and Wang, Xin},
  journal={arXiv preprint arXiv:2009.00236},
  year={2020}
}

@article{he2009learning,
  title={Learning from imbalanced data},
  author={He, Haibo and Garcia, Edwardo A},
  journal={IEEE Transactions on knowledge and data engineering},
  volume={21},
  number={9},
  pages={1263--1284},
  year={2009},
  publisher={Ieee}
}

@article{li2020transformation,
  title={Transformation-consistent self-ensembling model for semisupervised medical image segmentation},
  author={Li, Xiaomeng and Yu, Lequan and Chen, Hao and Fu, Chi-Wing and Xing, Lei and Heng, Pheng-Ann},
  journal={IEEE Transactions on Neural Networks and Learning Systems},
  year={2020},
  publisher={IEEE}
}

@inproceedings{fotedar2020extreme,
  title={Extreme consistency: Overcoming annotation scarcity and domain shifts},
  author={Fotedar, Gaurav and Tajbakhsh, Nima and Ananth, Shilpa and Ding, Xiaowei},
  booktitle={International Conference on Medical Image Computing and Computer-Assisted Intervention},
  pages={699--709},
  year={2020},
  organization={Springer}
}

@inproceedings{bortsova2019semi,
  title={Semi-supervised medical image segmentation via learning consistency under transformations},
  author={Bortsova, Gerda and Dubost, Florian and Hogeweg, Laurens and Katramados, Ioannis and de Bruijne, Marleen},
  booktitle={International Conference on Medical Image Computing and Computer-Assisted Intervention},
  pages={810--818},
  year={2019},
  organization={Springer}
}

@inproceedings{cui2019semi,
  title={Semi-supervised brain lesion segmentation with an adapted mean teacher model},
  author={Cui, Wenhui and Liu, Yanlin and Li, Yuxing and Guo, Menghao and Li, Yiming and Li, Xiuli and Wang, Tianle and Zeng, Xiangzhu and Ye, Chuyang},
  booktitle={International Conference on Information Processing in Medical Imaging},
  pages={554--565},
  year={2019},
  organization={Springer}
}

@inproceedings{yu2019uncertainty,
  title={Uncertainty-aware self-ensembling model for semi-supervised 3D left atrium segmentation},
  author={Yu, Lequan and Wang, Shujun and Li, Xiaomeng and Fu, Chi-Wing and Heng, Pheng-Ann},
  booktitle={International Conference on Medical Image Computing and Computer-Assisted Intervention},
  pages={605--613},
  year={2019},
  organization={Springer}
}

@article{parisi2019continual,
  title={Continual lifelong learning with neural networks: A review},
  author={Parisi, German I and Kemker, Ronald and Part, Jose L and Kanan, Christopher and Wermter, Stefan},
  journal={Neural Networks},
  volume={113},
  pages={54--71},
  year={2019},
  publisher={Elsevier}
}

@incollection{mccloskey1989catastrophic,
  title={Catastrophic interference in connectionist networks: The sequential learning problem},
  author={McCloskey, Michael and Cohen, Neal J},
  booktitle={Psychology of learning and motivation},
  volume={24},
  pages={109--165},
  year={1989},
  publisher={Elsevier}
}

@article{chen2018lifelong,
  title={Lifelong machine learning},
  author={Chen, Zhiyuan and Liu, Bing},
  journal={Synthesis Lectures on Artificial Intelligence and Machine Learning},
  volume={12},
  number={3},
  pages={1--207},
  year={2018},
  publisher={Morgan \& Claypool Publishers}
}

@article{kirkpatrick2017overcoming,
  title={Overcoming catastrophic forgetting in neural networks},
  author={Kirkpatrick, James and Pascanu, Razvan and Rabinowitz, Neil and Veness, Joel and Desjardins, Guillaume and Rusu, Andrei A and Milan, Kieran and Quan, John and Ramalho, Tiago and Grabska-Barwinska, Agnieszka and others},
  journal={Proceedings of the national academy of sciences},
  volume={114},
  number={13},
  pages={3521--3526},
  year={2017},
  publisher={National Acad Sciences}
}

@article{esteva2019guide,
  title={A guide to deep learning in healthcare},
  author={Esteva, Andre and Robicquet, Alexandre and Ramsundar, Bharath and Kuleshov, Volodymyr and DePristo, Mark and Chou, Katherine and Cui, Claire and Corrado, Greg and Thrun, Sebastian and Dean, Jeff},
  journal={Nature medicine},
  volume={25},
  number={1},
  pages={24--29},
  year={2019},
  publisher={Nature Publishing Group}
}

@article{isensee2021nnu,
  title={nnU-Net: a self-configuring method for deep learning-based biomedical image segmentation},
  author={Isensee, Fabian and Jaeger, Paul F and Kohl, Simon AA and Petersen, Jens and Maier-Hein, Klaus H},
  journal={Nature Methods},
  volume={18},
  number={2},
  pages={203--211},
  year={2021},
  publisher={Nature Publishing Group}
}

@article{sabour2017dynamic,
  title={Dynamic routing between capsules},
  author={Sabour, Sara and Frosst, Nicholas and Hinton, Geoffrey E},
  journal={arXiv preprint arXiv:1710.09829},
  year={2017}
}

@article{vaswani2017attention,
  title={Attention is all you need},
  author={Vaswani, Ashish and Shazeer, Noam and Parmar, Niki and Uszkoreit, Jakob and Jones, Llion and Gomez, Aidan N and Kaiser, Lukasz and Polosukhin, Illia},
  journal={arXiv preprint arXiv:1706.03762},
  year={2017}
}

@article{japkowicz2002class,
  title={The class imbalance problem: A systematic study},
  author={Japkowicz, Nathalie and Stephen, Shaju},
  journal={Intelligent data analysis},
  volume={6},
  number={5},
  pages={429--449},
  year={2002},
  publisher={IOS Press}
}

@article{buda2018systematic,
  title={A systematic study of the class imbalance problem in convolutional neural networks},
  author={Buda, Mateusz and Maki, Atsuto and Mazurowski, Maciej A},
  journal={Neural Networks},
  volume={106},
  pages={249--259},
  year={2018},
  publisher={Elsevier}
}

@inproceedings{culotta2005reducing,
  title={Reducing labeling effort for structured prediction tasks},
  author={Culotta, Aron and McCallum, Andrew},
  booktitle={AAAI},
  volume={5},
  pages={746--751},
  year={2005}
}

@inproceedings{aggarwal2020active,
  title={Active learning for imbalanced datasets},
  author={Aggarwal, Umang and Popescu, Adrian and Hudelot, C{\'e}line},
  booktitle={Proceedings of the IEEE/CVF Winter Conference on Applications of Computer Vision},
  pages={1428--1437},
  year={2020}
}

@article{sener2017active,
  title={Active learning for convolutional neural networks: A core-set approach},
  author={Sener, Ozan and Savarese, Silvio},
  journal={arXiv preprint arXiv:1708.00489},
  year={2017}
}

@inproceedings{shui2020deep,
  title={Deep active learning: Unified and principled method for query and training},
  author={Shui, Changjian and Zhou, Fan and Gagn{\'e}, Christian and Wang, Boyu},
  booktitle={International Conference on Artificial Intelligence and Statistics},
  pages={1308--1318},
  year={2020},
  organization={PMLR}
}

@article{munjal2020towards,
  title={Towards robust and reproducible active learning using neural networks},
  author={Munjal, Prateek and Hayat, Nasir and Hayat, Munawar and Sourati, Jamshid and Khan, Shadab},
  journal={ArXiv, abs/2002.09564},
  year={2020}
}

@incollection{ozdemir2018active,
  title={Active learning for segmentation by optimizing content information for maximal entropy},
  author={Ozdemir, Firat and Peng, Zixuan and Tanner, Christine and Fuernstahl, Philipp and Goksel, Orcun},
  booktitle={Deep Learning in Medical Image Analysis and Multimodal Learning for Clinical Decision Support},
  pages={183--191},
  year={2018},
  publisher={Springer}
}

@article{mottaghi2019adversarial,
  title={Adversarial representation active learning},
  author={Mottaghi, Ali and Yeung, Serena},
  journal={arXiv preprint arXiv:1912.09720},
  year={2019}
}

@article{purushwalkam2020demystifying,
  title={Demystifying contrastive self-supervised learning: Invariances, augmentations and dataset biases},
  author={Purushwalkam, Senthil and Gupta, Abhinav},
  journal={arXiv preprint arXiv:2007.13916},
  year={2020}
}

@inproceedings{sinha2019variational,
  title={Variational adversarial active learning},
  author={Sinha, Samarth and Ebrahimi, Sayna and Darrell, Trevor},
  booktitle={Proceedings of the IEEE/CVF International Conference on Computer Vision},
  pages={5972--5981},
  year={2019}
}

@inproceedings{mccallumzy1998employing,
  title={Employing EM and pool-based active learning for text classification},
  author={McCallumzy, Andrew Kachites and Nigamy, Kamal},
  booktitle={Proc. International Conference on Machine Learning (ICML)},
  pages={359--367},
  year={1998},
  organization={Citeseer}
}

@article{kulick2014active,
  title={Active learning of hyperparameters: An expected cross entropy criterion for active model selection},
  author={Kulick, Johannes and Lieck, Robert and Toussaint, Marc and others},
  journal={ArXiv e-prints},
  year={2014}
}

@inproceedings{li2013adaptive,
  title={Adaptive active learning for image classification},
  author={Li, Xin and Guo, Yuhong},
  booktitle={Proceedings of the IEEE Conference on Computer Vision and Pattern Recognition},
  pages={859--866},
  year={2013}
}

@inproceedings{krizhevsky2012imagenet,
  title={Imagenet classification with deep convolutional neural networks},
  author={Krizhevsky, Alex and Sutskever, Ilya and Hinton, Geoffrey E},
  booktitle={Advances in neural information processing systems},
  pages={1097--1105},
  year={2012}
}

@inproceedings{szegedy2015going,
  title={Going deeper with convolutions},
  author={Szegedy, Christian and Liu, Wei and Jia, Yangqing and Sermanet, Pierre and Reed, Scott and Anguelov, Dragomir and Erhan, Dumitru and Vanhoucke, Vincent and Rabinovich, Andrew and others},
  year={2015},
  organization={Proceedings of the IEEE Conference on Computer Vision and Pattern Recognition}
}

% Chapter 3: UNet++

@article{meng2020multiscale,
  title={Multiscale dense convolutional neural network for DSA cerebrovascular segmentation},
  author={Meng, Cai and Sun, Kai and Guan, Shaoya and Wang, Qi and Zong, Rui and Liu, Lei},
  journal={Neurocomputing},
  volume={373},
  pages={123--134},
  year={2020},
  publisher={Elsevier}
}

@inproceedings{cui2019pulmonary,
  title={Pulmonary Vessel Segmentation Based on Orthogonal Fused U-Net++ of Chest CT Images},
  author={Cui, Hejie and Liu, Xinglong and Huang, Ning},
  booktitle={International Conference on Medical Image Computing and Computer-Assisted Intervention},
  pages={293--300},
  year={2019},
  organization={Springer}
}

@article{shenoy2019feature,
  title={Feature optimization of contact map predictions based on inter-residue distances and U-Net++ architecture},
  author={Shenoy, A},
  journal={no. July},
  year={2019}
}

@article{peng2019end,
  title={End-to-End Change Detection for High Resolution Satellite Images Using Improved UNet++},
  author={Peng, Daifeng and Zhang, Yongjun and Guan, Haiyan},
  journal={Remote Sensing},
  volume={11},
  number={11},
  pages={1382},
  year={2019},
  publisher={Multidisciplinary Digital Publishing Institute}
}

@inproceedings{zyuzin2019comparison,
  title={Comparison of Unet architectures for segmentation of the left ventricle endocardial border on two-dimensional ultrasound images},
  author={Zyuzin, Vasily and Chumarnaya, Tatiana},
  booktitle={2019 Ural Symposium on Biomedical Engineering, Radioelectronics and Information Technology (USBEREIT)},
  pages={110--113},
  year={2019},
  organization={IEEE}
}

@inproceedings{yang2019eda,
  title={EDA-Net: Dense Aggregation of Deep and Shallow Information Achieves Quantitative Photoacoustic Blood Oxygenation Imaging Deep in Human Breast},
  author={Yang, Changchun and Gao, Fei},
  booktitle={International Conference on Medical Image Computing and Computer-Assisted Intervention},
  pages={246--254},
  year={2019},
  organization={Springer}
}

@article{song2019u,
  title={U-Next: A Novel Convolution Neural Network With an Aggregation U-Net Architecture for Gallstone Segmentation in CT Images},
  author={Song, Tao and Meng, Fan and Rodr{\'\i}guez-Pat{\'o}n, Alfonso and Li, Pibao and Zheng, Pan and Wang, Xun},
  journal={IEEE Access},
  volume={7},
  pages={166823--166832},
  year={2019},
  publisher={IEEE}
}

@inproceedings{wu2019automatical,
  title={Automatical Segmentation of Pelvic Organs After Hysterectomy by using Dilated Convolution U-Net++},
  author={Wu, Su and Wang, Ziheng and Liu, Chang and Zhu, Chenming and Wu, Shaozhi and Xiao, Kai},
  booktitle={2019 IEEE 19th International Conference on Software Quality, Reliability and Security Companion (QRS-C)},
  pages={362--367},
  year={2019},
  organization={IEEE}
}

@inproceedings{chen2018improved,
  title={An Improved Framework Called Du++ Applied to Brain Tumor Segmentation},
  author={Chen, Fujuan and Ding, Yi and Wu, Zhixing and Wu, Dongyuan and Wen, Jinmei},
  booktitle={2018 15th International Computer Conference on Wavelet Active Media Technology and Information Processing (ICCWAMTIP)},
  pages={85--88},
  year={2018},
  organization={IEEE}
}

@inproceedings{zhou2018learning,
  title={Learning contextual and attentive information for brain tumor segmentation},
  author={Zhou, Chenhong and Chen, Shengcong and Ding, Changxing and Tao, Dacheng},
  booktitle={International MICCAI Brainlesion Workshop},
  pages={497--507},
  year={2018},
  organization={Springer}
}

@article{zhang2018mdu,
  title={MDU-Net: Multi-scale Densely Connected U-Net for biomedical image segmentation},
  author={Zhang, Jiawei and Jin, Yuzhen and Xu, Jilan and Xu, Xiaowei and Zhang, Yanchun},
  journal={arXiv preprint arXiv:1812.00352},
  year={2018}
}

@inproceedings{fang2019improved,
  title={An Improved MPB-CNN Segmentation Method for Edema Area and Neurosensory Retinal Detachment in SD-OCT Images},
  author={Fang, Jian and Zhang, Yuhan and Xie, Keren and Yuan, Songtao and Chen, Qiang},
  booktitle={International Workshop on Ophthalmic Medical Image Analysis},
  pages={130--138},
  year={2019},
  organization={Springer}
}

@inproceedings{fang2019selective,
  title={Selective Feature Aggregation Network with Area-Boundary Constraints for Polyp Segmentation},
  author={Fang, Yuqi and Chen, Cheng and Yuan, Yixuan and Tong, Kai-yu},
  booktitle={International Conference on Medical Image Computing and Computer-Assisted Intervention},
  pages={302--310},
  year={2019},
  organization={Springer}
}

@article{sun2019high,
  title={High-resolution representations for labeling pixels and regions},
  author={Sun, Ke and Zhao, Yang and Jiang, Borui and Cheng, Tianheng and Xiao, Bin and Liu, Dong and Mu, Yadong and Wang, Xinggang and Liu, Wenyu and Wang, Jingdong},
  journal={arXiv preprint arXiv:1904.04514},
  year={2019}
}

@inproceedings{tajbakhsh2020errornet,
  title={ErrorNet: Learning error representations from limited data to improve vascular segmentation},
  author={Tajbakhsh, Nima and Lai, Brian and Ananth, Shilpa P and Ding, Xiaowei},
  booktitle={2020 IEEE 17th International Symposium on Biomedical Imaging (ISBI)},
  pages={1364--1368},
  year={2020},
  organization={IEEE}
}

@inproceedings{zhao2018icnet,
  title={Icnet for real-time semantic segmentation on high-resolution images},
  author={Zhao, Hengshuang and Qi, Xiaojuan and Shen, Xiaoyong and Shi, Jianping and Jia, Jiaya},
  booktitle={Proceedings of the European Conference on Computer Vision},
  pages={405--420},
  year={2018}
}

@inproceedings{lin2017refinenet,
  title={RefineNet: Multi-path Refinement Networks for High-Resolution Semantic Segmentation.},
  author={Lin, Guosheng and Milan, Anton and Shen, Chunhua and Reid, Ian D},
  booktitle={Proceedings of the IEEE Conference on Computer Vision and Pattern Recognition},
  volume={1},
  number={2},
  pages={5},
  year={2017}
}

@inproceedings{fourure2017gridnet,
  title={Residual Conv-Deconv Grid Network for Semantic Segmentation},
  author={Fourure, Damien and Emonet, R{\'e}mi and Fromont, Elisa and Muselet, Damien and Tr{\'e}meau, Alain and Wolf, Christian},
  booktitle={Proceedings of the British Machine Vision Conference, 2017},
  year={2017}
}

@inproceedings{chaurasia2017linknet,
  title={Linknet: Exploiting encoder representations for efficient semantic segmentation},
  author={Chaurasia, Abhishek and Culurciello, Eugenio},
  booktitle={2017 IEEE Visual Communications and Image Processing (VCIP)},
  pages={1--4},
  year={2017},
  organization={IEEE}
}

@article{jiang2019multiple,
  title={Multiple Resolution Residually Connected Feature Streams for Automatic Lung Tumor Segmentation From CT Images},
  author={Jiang, Jue and Hu, Yu-Chi and Liu, Chia-Ju and Halpenny, Darragh and Hellmann, Matthew D and Deasy, Joseph O and Mageras, Gig and Veeraraghavan, Harini},
  journal={IEEE transactions on medical imaging},
  volume={38},
  number={1},
  pages={134--144},
  year={2019},
  publisher={IEEE}
}

@inproceedings{pohlen2017full,
  title={Full-resolution residual networks for semantic segmentation in street scenes},
  author={Pohlen, Tobias and Hermans, Alexander and Mathias, Markus and Leibe, Bastian},
  booktitle={Proceedings of the IEEE Conference on Computer Vision and Pattern Recognition},
  pages={4151--4160},
  year={2017}
}

@inproceedings{yu2018deep,
  title={Deep layer aggregation},
  author={Yu, Fisher and Wang, Dequan and Shelhamer, Evan and Darrell, Trevor},
  booktitle={Proceedings of the IEEE Conference on Computer Vision and Pattern Recognition},
  pages={2403--2412},
  year={2018},
  organization={IEEE}
}

@inproceedings{long2015fully,
  title={Fully convolutional networks for semantic segmentation},
  author={Long, Jonathan and Shelhamer, Evan and Darrell, Trevor},
  booktitle={Proceedings of the IEEE Conference on Computer Vision and Pattern Recognition},
  pages={3431--3440},
  year={2015}
}

@article{kistler2013virtual,
  title={The virtual skeleton database: an open access repository for biomedical research and collaboration},
  author={Kistler, Michael and Bonaretti, Serena and Pfahrer, Marcel and Niklaus, Roman and B{\"u}chler, Philippe},
  journal={Journal of medical Internet research},
  volume={15},
  number={11},
  pages={e245},
  year={2013},
  publisher={JMIR Publications Inc., Toronto, Canada}
}

@article{menze2015multimodal,
  title={The multimodal brain tumor image segmentation benchmark (BRATS)},
  author={Menze, Bjoern H and Jakab, Andras and Bauer, Stefan and Kalpathy-Cramer, Jayashree and Farahani, Keyvan and Kirby, Justin and Burren, Yuliya and Porz, Nicole and Slotboom, Johannes and Wiest, Roland and others},
  journal={IEEE transactions on medical imaging},
  volume={34},
  number={10},
  pages={1993},
  year={2015},
  publisher={NIH Public Access}
}

@article{meyer2015cell,
  title={The Cell-CT 3-dimensional cell imaging technology platform enables the detection of lung cancer using the noninvasive LuCED sputum test},
  author={Meyer, Michael G and Hayenga, Jon W and Neumann, Thomas and Katdare, Rahul and Presley, Chris and Steinhauer, David E and Bell, Timothy M and Lancaster, Christy A and Nelson, Alan C},
  journal={Cancer cytopathology},
  volume={123},
  number={9},
  pages={512--523},
  year={2015},
  publisher={Wiley Online Library}
}

@article{cardona2010integrated,
  title={An integrated micro-and macroarchitectural analysis of the Drosophila brain by computer-assisted serial section electron microscopy},
  author={Cardona, Albert and Saalfeld, Stephan and Preibisch, Stephan and Schmid, Benjamin and Cheng, Anchi and Pulokas, Jim and Tomancak, Pavel and Hartenstein, Volker},
  journal={PLoS biology},
  volume={8},
  number={10},
  pages={e1000502},
  year={2010},
  publisher={Public Library of Science}
}

@article{hinton2015distilling,
  title={Distilling the knowledge in a neural network},
  author={Hinton, Geoffrey and Vinyals, Oriol and Dean, Jeff},
  journal={arXiv preprint arXiv:1503.02531},
  year={2015}
}

@inproceedings{song2018collaborative,
  title={Collaborative Learning for Deep Neural Networks},
  author={Song, Guocong and Chai, Wei},
  booktitle={Neural Information Processing Systems (NeurIPS)},
  year={2018}
}

@inproceedings{ronneberger2015u,
  title={U-net: Convolutional networks for biomedical image segmentation},
  author={Ronneberger, Olaf and Fischer, Philipp and Brox, Thomas},
  booktitle={International Conference on Medical Image Computing and Computer-Assisted Intervention},
  pages={234--241},
  year={2015},
  organization={Springer}
}

@incollection{sudre2017generalised,
  title={Generalised Dice overlap as a deep learning loss function for highly unbalanced segmentations},
  author={Sudre, Carole H and Li, Wenqi and Vercauteren, Tom and Ourselin, Sebastien and Cardoso, M Jorge},
  booktitle={Deep Learning in Medical Image Analysis and Multimodal Learning for Clinical Decision Support},
  pages={240--248},
  year={2017},
  publisher={Springer}
}

@inproceedings{milletari2016v,
  title={V-net: Fully convolutional neural networks for volumetric medical image segmentation},
  author={Milletari, Fausto and Navab, Nassir and Ahmadi, Seyed-Ahmad},
  booktitle={2016 Fourth International Conference on 3D Vision (3DV)},
  pages={565--571},
  year={2016},
  organization={IEEE}
}

@article{dou20173d,
  title={3D deeply supervised network for automated segmentation of volumetric medical images},
  author={Dou, Qi and Yu, Lequan and Chen, Hao and Jin, Yueming and Yang, Xin and Qin, Jing and Heng, Pheng-Ann},
  journal={Medical image analysis},
  volume={41},
  pages={40--54},
  year={2017},
  publisher={Elsevier}
}

@inproceedings{lee2015deeply,
  title={Deeply-supervised nets},
  author={Lee, Chen-Yu and Xie, Saining and Gallagher, Patrick and Zhang, Zhengyou and Tu, Zhuowen},
  booktitle={Artificial Intelligence and Statistics},
  pages={562--570},
  year={2015}
}

@inproceedings{chen2016deep,
  title={Deep contextual networks for neuronal structure segmentation},
  author={Chen, Hao and Qi, Xiao Juan and Cheng, Jie Zhi and Heng, Pheng Ann},
  booktitle={Thirtieth AAAI conference on artificial intelligence},
  year={2016}
}

@inproceedings{xie2015holistically,
  title={Holistically-nested edge detection},
  author={Xie, Saining and Tu, Zhuowen},
  booktitle={Proceedings of the IEEE International Conference on Computer Vision},
  pages={1395--1403},
  year={2015}
}

@inproceedings{li2019partial,
  title={Partial order pruning: for best speed/accuracy trade-off in neural architecture search},
  author={Li, Xin and Zhou, Yiming and Pan, Zheng and Feng, Jiashi},
  booktitle={Proceedings of the IEEE Conference on Computer Vision and Pattern Recognition},
  pages={9145--9153},
  year={2019}
}

@inproceedings{zhang2019customizable,
  title={Customizable Architecture Search for Semantic Segmentation},
  author={Zhang, Yiheng and Qiu, Zhaofan and Liu, Jingen and Yao, Ting and Liu, Dong and Mei, Tao},
  booktitle={Proceedings of the IEEE Conference on Computer Vision and Pattern Recognition},
  pages={11641--11650},
  year={2019}
}

@inproceedings{liu2019auto,
  title={Auto-deeplab: Hierarchical neural architecture search for semantic image segmentation},
  author={Liu, Chenxi and Chen, Liang-Chieh and Schroff, Florian and Adam, Hartwig and Hua, Wei and Yuille, Alan L and Fei-Fei, Li},
  booktitle={Proceedings of the IEEE Conference on Computer Vision and Pattern Recognition},
  pages={82--92},
  year={2019}
}

@inproceedings{zoph2018learning,
  title={Learning transferable architectures for scalable image recognition},
  author={Zoph, Barret and Vasudevan, Vijay and Shlens, Jonathon and Le, Quoc V},
  booktitle={Proceedings of the IEEE Conference on Computer Vision and Pattern Recognition},
  pages={8697--8710},
  year={2018}
}

@inproceedings{liu2018progressive,
  title={Progressive neural architecture search},
  author={Liu, Chenxi and Zoph, Barret and Neumann, Maxim and Shlens, Jonathon and Hua, Wei and Li, Li-Jia and Fei-Fei, Li and Yuille, Alan and Huang, Jonathan and Murphy, Kevin},
  booktitle={Proceedings of the European Conference on Computer Vision},
  pages={19--34},
  year={2018}
}

@article{zhang2017survey,
  title={A survey on multi-task learning},
  author={Zhang, Yu and Yang, Qiang},
  journal={arXiv preprint arXiv:1707.08114},
  year={2017}
}

@article{ciompi2015automatic,
  title={Automatic classification of pulmonary peri-fissural nodules in computed tomography using an ensemble of 2D views and a convolutional neural network out-of-the-box},
  author={Ciompi, Francesco and de Hoop, Bartjan and van Riel, Sarah J and Chung, Kaman and Scholten, Ernst Th and Oudkerk, Matthijs and de Jong, Pim A and Prokop, Mathias and van Ginneken, Bram},
  journal={Medical image analysis},
  volume={26},
  number={1},
  pages={195--202},
  year={2015},
  publisher={Elsevier}
}

@article{hoo2016deep,
  title={Deep convolutional neural networks for computer-aided detection: CNN architectures, dataset characteristics and transfer learning},
  author={Hoo-Chang, Shin and Roth, Holger R and Gao, Mingchen and Lu, Le and Xu, Ziyue and Nogues, Isabella and Yao, Jianhua and Mollura, Daniel and Summers, Ronald M},
  journal={IEEE transactions on medical imaging},
  volume={35},
  number={5},
  pages={1285},
  year={2016},
  publisher={NIH Public Access}
}

@inproceedings{dietterich2000ensemble,
  title={Ensemble methods in machine learning},
  author={Dietterich, Thomas G},
  booktitle={International workshop on multiple classifier systems},
  pages={1--15},
  year={2000},
  organization={Springer}
}

@inproceedings{he2017mask,
  title={Mask r-cnn},
  author={He, Kaiming and Gkioxari, Georgia and Doll{\'a}r, Piotr and Girshick, Ross},
  booktitle={Proceedings of the IEEE International Conference on Computer Vision},
  pages={2980--2988},
  year={2017},
  organization={IEEE}
}

@inproceedings{hu2018learning,
  title={Learning to segment every thing},
  author={Hu, Ronghang and Doll{\'a}r, Piotr and He, Kaiming and Darrell, Trevor and Girshick, Ross},
  booktitle={Proceedings of the IEEE Conference on Computer Vision and Pattern Recognition},
  pages={4233--4241},
  year={2018}
}

@inproceedings{lin2017feature,
  title={Feature pyramid networks for object detection},
  author={Lin, Tsung-Yi and Doll{\'a}r, Piotr and Girshick, Ross and He, Kaiming and Hariharan, Bharath and Belongie, Serge},
  booktitle={Proceedings of the IEEE Conference on Computer Vision and Pattern Recognition},
  volume={1},
  number={2},
  pages={4},
  year={2017}
}

@inproceedings{hariharan2015hypercolumns,
  title={Hypercolumns for object segmentation and fine-grained localization},
  author={Hariharan, Bharath and Arbel{\'a}ez, Pablo and Girshick, Ross and Malik, Jitendra},
  booktitle={Proceedings of the IEEE Conference on Computer Vision and Pattern Recognition},
  pages={447--456},
  year={2015}
}

@incollection{drozdzal2016importance,
  title={The importance of skip connections in biomedical image segmentation},
  author={Drozdzal, Michal and Vorontsov, Eugene and Chartrand, Gabriel and Kadoury, Samuel and Pal, Chris},
  booktitle={Deep Learning and Data Labeling for Medical Applications},
  pages={179--187},
  year={2016},
  publisher={Springer}
}

@article{tajbakhsh2020embracing,
  title={Embracing imperfect datasets: A review of deep learning solutions for medical image segmentation},
  author={Tajbakhsh, Nima and Jeyaseelan, Laura and Li, Qian and Chiang, Jeffrey N and Wu, Zhihao and Ding, Xiaowei},
  journal={Medical Image Analysis},
  pages={101693},
  year={2020},
  publisher={Elsevier}
}

@article{falk2018u,
  title={U-Net: deep learning for cell counting, detection, and morphometry},
  author={Falk, Thorsten and Mai, Dominic and Bensch, Robert and {\c{C}}i{\c{c}}ek, {\"O}zg{\"u}n and Abdulkadir, Ahmed and Marrakchi, Yassine and B{\"o}hm, Anton and Deubner, Jan and J{\"a}ckel, Zoe and Seiwald, Katharina and others},
  journal={Nature methods},
  pages={1},
  year={2018},
  publisher={Nature Publishing Group}
}

@book{zhou2017deep,
  title={Deep learning for medical image analysis},
  author={Zhou, S Kevin and Greenspan, Hayit and Shen, Dinggang},
  year={2017},
  publisher={Academic Press}
}

@article{shen2017deep,
  title={Deep learning in medical image analysis},
  author={Shen, Dinggang and Wu, Guorong and Suk, Heung-Il},
  journal={Annual review of biomedical engineering},
  volume={19},
  pages={221--248},
  year={2017},
  publisher={Annual Reviews}
}

@article{litjens2017survey,
  title={A survey on deep learning in medical image analysis},
  author={Litjens, Geert and Kooi, Thijs and Bejnordi, Babak Ehteshami and Setio, Arnaud Arindra Adiyoso and Ciompi, Francesco and Ghafoorian, Mohsen and Van Der Laak, Jeroen Awm and Van Ginneken, Bram and S{\'a}nchez, Clara I},
  journal={Medical image analysis},
  volume={42},
  pages={60--88},
  year={2017},
  publisher={Elsevier}
}

@article{chartrand2017deep,
  title={Deep learning: a primer for radiologists},
  author={Chartrand, Gabriel and Cheng, Phillip M and Vorontsov, Eugene and Drozdzal, Michal and Turcotte, Simon and Pal, Christopher J and Kadoury, Samuel and Tang, An},
  journal={Radiographics},
  volume={37},
  number={7},
  pages={2113--2131},
  year={2017},
  publisher={Radiological Society of North America}
}

% Chapter 4: Models Genesis

@misc{sodha2020self,
  title={Self-Supervised Representation Learning Via Image Out-Painting for Medical Image Analysis},
  author={Sodha, Vatsal Arvindkumar},
  year={2020},
  publisher={Arizona State University}
}

@article{zhang2020universal,
  title={Universal Model for 3D Medical Image Analysis},
  author={Zhang, Xiaoman and Zhang, Ya and Zhang, Xiaoyun and Wang, Yanfeng},
  journal={arXiv preprint arXiv:2010.06107},
  year={2020}
}

@article{zhu2020aggregative,
  title={Aggregative Self-Supervised Feature Learning},
  author={Zhu, Jiuwen and Li, Yuexiang and Zhou, S Kevin},
  journal={arXiv preprint arXiv:2012.07477},
  year={2020}
}

@article{sun2020context,
  title={Context Matters: Graph-based Self-supervised Representation Learning for Medical Images},
  author={Sun, Li and Yu, Ke and Batmanghelich, Kayhan},
  journal={arXiv preprint arXiv:2012.06457},
  year={2020}
}

@inproceedings{xu2020data,
  title={Data-Efficient Histopathology Image Analysis with Deformation Representation Learning},
  author={Xu, Jilan and Hou, Junlin and Zhang, Yuejie and Feng, Rui and Ruan, Chunyang and Zhang, Tao and Fan, Weiguo},
  booktitle={2020 IEEE International Conference on Bioinformatics and Biomedicine (BIBM)},
  pages={857--864},
  year={2020},
  organization={IEEE}
}

@book{prince2006medical,
  title={Medical imaging signals and systems},
  author={Prince, Jerry L and Links, Jonathan M},
  year={2006},
  publisher={Pearson Prentice Hall Upper Saddle River}
}

@article{zhou2021models,
  title="Models Genesis",
  author="Zhou, Zongwei and Sodha, Vatsal and Pang, Jiaxuan and Gotway, Michael B and Liang, Jianming",
  journal="Medical Image Analysis",
  volume = "67",
  pages = "101840",
  year = "2021",
  issn = "1361-8415",
  doi = "https://doi.org/10.1016/j.media.2020.101840",
  url = "http://www.sciencedirect.com/science/article/pii/S1361841520302048",
}

@article{ioffe2015batch,
  title={Batch normalization: Accelerating deep network training by reducing internal covariate shift},
  author={Ioffe, Sergey and Szegedy, Christian},
  journal={arXiv preprint arXiv:1502.03167},
  year={2015}
}

@inproceedings{zhang2004solving,
  title={Solving large scale linear prediction problems using stochastic gradient descent algorithms},
  author={Zhang, Tong},
  booktitle={Proceedings of the twenty-first international conference on Machine learning},
  pages={116},
  year={2004},
  organization={ACM}
}

@inproceedings{hara2018can,
  title={Can spatiotemporal 3d cnns retrace the history of 2d cnns and imagenet?},
  author={Hara, Kensho and Kataoka, Hirokatsu and Satoh, Yutaka},
  booktitle={Proceedings of the IEEE Conference on Computer Vision and Pattern Recognition},
  pages={6546--6555},
  year={2018}
}

@article{ross2018exploiting,
  title={Exploiting the potential of unlabeled endoscopic video data with self-supervised learning},
  author={Ross, Tobias and Zimmerer, David and Vemuri, Anant and Isensee, Fabian and Wiesenfarth, Manuel and Bodenstedt, Sebastian and Both, Fabian and Kessler, Philip and Wagner, Martin and M{\"u}ller, Beat and others},
  journal={International journal of computer assisted radiology and surgery},
  volume={13},
  number={6},
  pages={925--933},
  year={2018},
  publisher={Springer}
}

@inproceedings{kinga2015method,
  title={A method for stochastic optimization},
  author={Kinga, D and Adam, J Ba},
  booktitle={International Conference on Learning Representations (ICLR)},
  volume={5},
  year={2015}
}

@inproceedings{zhuang2019self,
  title={Self-supervised Feature Learning for 3D Medical Images by Playing a Rubikâ€™s Cube},
  author={Zhuang, Xinrui and Li, Yuexiang and Hu, Yifan and Ma, Kai and Yang, Yujiu and Zheng, Yefeng},
  booktitle={International Conference on Medical Image Computing and Computer-Assisted Intervention},
  pages={420--428},
  year={2019},
  organization={Springer}
}

@article{alex2017semisupervised,
  title={Semisupervised learning using denoising autoencoders for brain lesion detection and segmentation},
  author={Alex, Varghese and Vaidhya, Kiran and Thirunavukkarasu, Subramaniam and Kesavadas, Chandrasekharan and Krishnamurthi, Ganapathy},
  journal={Journal of Medical Imaging},
  volume={4},
  number={4},
  pages={041311},
  year={2017},
  publisher={International Society for Optics and Photonics}
}

@incollection{jamaludin2017self,
  title={Self-supervised learning for spinal MRIs},
  author={Jamaludin, Amir and Kadir, Timor and Zisserman, Andrew},
  booktitle={Deep Learning in Medical Image Analysis and Multimodal Learning for Clinical Decision Support},
  pages={294--302},
  year={2017},
  publisher={Springer}
}

@inproceedings{spitzer2018improving,
  title={Improving Cytoarchitectonic Segmentation of Human Brain Areas with Self-supervised Siamese Networks},
  author={Spitzer, Hannah and Kiwitz, Kai and Amunts, Katrin and Harmeling, Stefan and Dickscheid, Timo},
  booktitle={International Conference on Medical Image Computing and Computer-Assisted Intervention},
  pages={663--671},
  year={2018},
  organization={Springer}
}

@inproceedings{sayed2018cross,
  title={Cross and learn: Cross-modal self-supervision},
  author={Sayed, Nawid and Brattoli, Biagio and Ommer, Bj{\"o}rn},
  booktitle={German Conference on Pattern Recognition},
  pages={228--243},
  year={2018},
  organization={Springer}
}

@inproceedings{zhang2017split,
  title={Split-brain autoencoders: Unsupervised learning by cross-channel prediction},
  author={Zhang, Richard and Isola, Phillip and Efros, Alexei A},
  booktitle={Proceedings of the IEEE Conference on Computer Vision and Pattern Recognition},
  pages={1058--1067},
  year={2017}
}

@inproceedings{zhang2016colorful,
  title={Colorful image colorization},
  author={Zhang, Richard and Isola, Phillip and Efros, Alexei A},
  booktitle={Proceedings of the European Conference on Computer Vision},
  pages={649--666},
  year={2016},
  organization={Springer}
}

@inproceedings{mundhenk2018improvements,
  title={Improvements to Context Based Self-Supervised Learning.},
  author={Mundhenk, T Nathan and Ho, Daniel and Chen, Barry Y},
  booktitle={Proceedings of the IEEE Conference on Computer Vision and Pattern Recognition},
  pages={9339--9348},
  year={2018}
}

@inproceedings{noroozi2016unsupervised,
  title={Unsupervised learning of visual representations by solving jigsaw puzzles},
  author={Noroozi, Mehdi and Favaro, Paolo},
  booktitle={European Conference on Computer Vision},
  pages={69--84},
  year={2016},
  organization={Springer}
}

@inproceedings{doersch2015unsupervised,
  title={Unsupervised visual representation learning by context prediction},
  author={Doersch, Carl and Gupta, Abhinav and Efros, Alexei A},
  booktitle={Proceedings of the IEEE International Conference on Computer Vision},
  pages={1422--1430},
  year={2015}
}

@inproceedings{mahendran2018cross,
  title={Cross pixel optical-flow similarity for self-supervised learning},
  author={Mahendran, Aravindh and Thewlis, James and Vedaldi, Andrea},
  booktitle={Asian Conference on Computer Vision},
  pages={99--116},
  year={2018},
  organization={Springer}
}

@inproceedings{chen2019rotation,
  title={Self-Supervised GANs via Auxiliary Rotation Loss},
  author={Chen, Ting and Zhai, Xiaohua and Ritter, Marvin and Lucic, Mario and Houlsby, Neil},
  booktitle={Proceedings of the IEEE Conference on Computer Vision and Pattern Recognition},
  pages={12154--12163},
  year={2019}
}

@inproceedings{caron2018deep,
  title={Deep clustering for unsupervised learning of visual features},
  author={Caron, Mathilde and Bojanowski, Piotr and Joulin, Armand and Douze, Matthijs},
  booktitle={Proceedings of the European Conference on Computer Vision},
  pages={132--149},
  year={2018}
}

@inproceedings{tajbakhsh2015computer,
  title={Computer-aided pulmonary embolism detection using a novel vessel-aligned multi-planar image representation and convolutional neural networks},
  author={Tajbakhsh, Nima and Gotway, Michael B and Liang, Jianming},
  booktitle={International Conference on Medical Image Computing and Computer-Assisted Intervention},
  pages={62--69},
  year={2015},
  organization={Springer}
}

@article{wang2017comparison,
  title={Comparison of machine learning methods for classifying mediastinal lymph node metastasis of non-small cell lung cancer from 18 F-FDG PET/CT images},
  author={Wang, Hongkai and Zhou, Zongwei and Li, Yingci and Chen, Zhonghua and Lu, Peiou and Wang, Wenzhi and Liu, Wanyu and Yu, Lijuan},
  journal={EJNMMI research},
  volume={7},
  number={1},
  pages={11},
  year={2017},
  publisher={SpringerOpen}
}

@article{greenspan2016guest,
  title={Guest Editorial Deep Learning in Medical Imaging: Overview and Future Promise of an Exciting New Technique},
  author={Greenspan, Hayit and van Ginneken, Bram and Summers, Ronald M},
  journal={IEEE Transactions on Medical Imaging},
  volume={35},
  number={5},
  pages={1153--1159},
  year={2016},
  publisher={IEEE}
}

@inproceedings{yosinski2014transferable,
  title={How transferable are features in deep neural networks?},
  author={Yosinski, Jason and Clune, Jeff and Bengio, Yoshua and Lipson, Hod},
  booktitle={Advances in neural information processing systems},
  pages={3320--3328},
  year={2014}
}

@article{pan2010survey,
  title={A survey on transfer learning},
  author={Pan, Sinno Jialin and Yang, Qiang},
  journal={IEEE Transactions on knowledge and data engineering},
  volume={22},
  number={10},
  pages={1345--1359},
  year={2010},
  publisher={IEEE}
}

@article{weiss2016survey,
  title={A survey of transfer learning},
  author={Weiss, Karl and Khoshgoftaar, Taghi M and Wang, DingDing},
  journal={Journal of Big Data},
  volume={3},
  number={1},
  pages={9},
  year={2016},
  publisher={Springer}
}

@article{bakas2018identifying,
  title={Identifying the best machine learning algorithms for brain tumor segmentation, progression assessment, and overall survival prediction in the BRATS challenge},
  author={Bakas, Spyridon and Reyes, Mauricio and Jakab, Andras and Bauer, Stefan and Rempfler, Markus and Crimi, Alessandro and Shinohara, Russell Takeshi and Berger, Christoph and Ha, Sung Min and Rozycki, Martin and others},
  journal={arXiv preprint arXiv:1811.02629},
  year={2018}
}

@inproceedings{liang2007computer,
  title={Computer aided detection of pulmonary embolism with tobogganing and mutiple instance classification in CT pulmonary angiography},
  author={Liang, Jianming and Bi, Jinbo},
  booktitle={Biennial International Conference on Information Processing in Medical Imaging},
  pages={630--641},
  year={2007},
  organization={Springer}
}

@incollection{zhou2018unet++,
  title={UNet++: A Nested U-Net Architecture for Medical Image Segmentation},
  author={Zhou, Zongwei and Siddiquee, Md Mahfuzur Rahman and Tajbakhsh, Nima and Liang, Jianming},
  booktitle={Deep Learning in Medical Image Analysis and Multimodal Learning for Clinical Decision Support},
  pages={3--11},
  year={2018},
  publisher={Springer}
}

@inproceedings{tang2019nodulenet,
  title={NoduleNet: Decoupled False Positive Reduction for Pulmonary Nodule Detection and Segmentation},
  author={Tang, Hao and Zhang, Chupeng and Xie, Xiaohui},
  booktitle={International Conference on Medical Image Computing and Computer-Assisted Intervention},
  pages={266--274},
  year={2019},
  organization={Springer}
}

@article{aresta2019iw,
  title={iW-Net: an automatic and minimalistic interactive lung nodule segmentation deep network},
  author={Aresta, Guilherme and Jacobs, Colin and Ara{\'u}jo, Teresa and Cunha, Ant{\'o}nio and Ramos, Isabel and van Ginneken, Bram and Campilho, Aur{\'e}lio},
  journal={Scientific reports},
  volume={9},
  number={1},
  pages={1--9},
  year={2019},
  publisher={Nature Publishing Group}
}

@article{sun2017automatic,
  title={Automatic feature learning using multichannel ROI based on deep structured algorithms for computerized lung cancer diagnosis},
  author={Sun, Wenqing and Zheng, Bin and Qian, Wei},
  journal={Computers in biology and medicine},
  volume={89},
  pages={530--539},
  year={2017},
  publisher={Elsevier}
}

@article{setio2016pulmonary,
  title={Pulmonary nodule detection in CT images: false positive reduction using multi-view convolutional networks},
  author={Setio, Arnaud Arindra Adiyoso and Ciompi, Francesco and Litjens, Geert and Gerke, Paul and Jacobs, Colin and Van Riel, Sarah J and Wille, Mathilde Marie Winkler and Naqibullah, Matiullah and S{\'a}nchez, Clara I and van Ginneken, Bram},
  journal={IEEE transactions on medical imaging},
  volume={35},
  number={5},
  pages={1160--1169},
  year={2016},
  publisher={IEEE}
}

@article{setio2017validation,
  title={Validation, comparison, and combination of algorithms for automatic detection of pulmonary nodules in computed tomography images: the LUNA16 challenge},
  author={Setio, Arnaud Arindra Adiyoso and Traverso, Alberto and De Bel, Thomas and Berens, Moira SN and van den Bogaard, Cas and Cerello, Piergiorgio and Chen, Hao and Dou, Qi and Fantacci, Maria Evelina and Geurts, Bram and others},
  journal={Medical image analysis},
  volume={42},
  pages={1--13},
  year={2017},
  publisher={Elsevier}
}

@inproceedings{siddiquee2019learning,
  title={Learning fixed points in generative adversarial networks: From image-to-image translation to disease detection and localization},
  author={Siddiquee, Md Mahfuzur Rahman and Zhou, Zongwei and Tajbakhsh, Nima and Feng, Ruibin and Gotway, Michael B and Bengio, Yoshua and Liang, Jianming},
  booktitle={Proceedings of the IEEE International Conference on Computer Vision},
  pages={191--200},
  year={2019}
}

@inproceedings{cai2018iterative,
  title={Iterative attention mining for weakly supervised thoracic disease pattern localization in chest x-rays},
  author={Cai, Jinzheng and Lu, Le and Harrison, Adam P and Shi, Xiaoshuang and Chen, Pingjun and Yang, Lin},
  booktitle={International Conference on Medical Image Computing and Computer-Assisted Intervention},
  pages={589--598},
  year={2018},
  organization={Springer}
}

@inproceedings{baumgartner2018visual,
  title={Visual feature attribution using wasserstein gans},
  author={Baumgartner, Christian F and Koch, Lisa M and Can Tezcan, Kerem and Xi Ang, Jia and Konukoglu, Ender},
  booktitle={Proceedings of the IEEE Conference on Computer Vision and Pattern Recognition},
  pages={8309--8319},
  year={2018}
}

@inproceedings{zhou2016learning,
  title={Learning deep features for discriminative localization},
  author={Zhou, Bolei and Khosla, Aditya and Lapedriza, Agata and Oliva, Aude and Torralba, Antonio},
  booktitle={Proceedings of the IEEE Conference on Computer Vision and Pattern Recognition},
  pages={2921--2929},
  year={2016}
}

@article{wang2004image,
  title={Image quality assessment: from error visibility to structural similarity},
  author={Wang, Zhou and Bovik, Alan C and Sheikh, Hamid R and Simoncelli, Eero P},
  journal={IEEE transactions on image processing},
  volume={13},
  number={4},
  pages={600--612},
  year={2004},
  publisher={IEEE}
}

@inproceedings{cubuk2019autoaugment,
  title={Autoaugment: Learning augmentation strategies from data},
  author={Cubuk, Ekin D and Zoph, Barret and Mane, Dandelion and Vasudevan, Vijay and Le, Quoc V},
  booktitle={Proceedings of the IEEE conference on computer vision and pattern recognition},
  pages={113--123},
  year={2019}
}

@article{dao2019kernel,
  title={A kernel theory of modern data augmentation},
  author={Dao, Tri and Gu, Albert and Ratner, Alexander J and Smith, Virginia and De Sa, Christopher and R{\'e}, Christopher},
  journal={Proceedings of machine learning research},
  volume={97},
  pages={1528},
  year={2019},
  publisher={NIH Public Access}
}

@inproceedings{ratner2017learning,
  title={Learning to compose domain-specific transformations for data augmentation},
  author={Ratner, Alexander J and Ehrenberg, Henry and Hussain, Zeshan and Dunnmon, Jared and R{\'e}, Christopher},
  booktitle={Advances in neural information processing systems},
  pages={3236--3246},
  year={2017}
}

@article{chen2020simple,
  title={A simple framework for contrastive learning of visual representations},
  author={Chen, Ting and Kornblith, Simon and Norouzi, Mohammad and Hinton, Geoffrey},
  journal={arXiv preprint arXiv:2002.05709},
  year={2020}
}

@article{shorten2019survey,
  title={A survey on image data augmentation for deep learning},
  author={Shorten, Connor and Khoshgoftaar, Taghi M},
  journal={Journal of Big Data},
  volume={6},
  number={1},
  pages={60},
  year={2019},
  publisher={Springer}
}

@article{perez2017effectiveness,
  title={The effectiveness of data augmentation in image classification using deep learning},
  author={Perez, Luis and Wang, Jason},
  journal={arXiv preprint arXiv:1712.04621},
  year={2017}
}

@inproceedings{wong2016understanding,
  title={Understanding data augmentation for classification: when to warp?},
  author={Wong, Sebastien C and Gatt, Adam and Stamatescu, Victor and McDonnell, Mark D},
  booktitle={2016 international conference on digital image computing: techniques and applications (DICTA)},
  pages={1--6},
  year={2016},
  organization={IEEE}
}

@inproceedings{gan2015learning,
  title={Learning deep sigmoid belief networks with data augmentation},
  author={Gan, Zhe and Henao, Ricardo and Carlson, David and Carin, Lawrence},
  booktitle={Artificial Intelligence and Statistics},
  pages={268--276},
  year={2015}
}

@inproceedings{tajbakhsh2019surrogate,
  title={Surrogate supervision for medical image analysis: Effective deep learning from limited quantities of labeled data},
  author={Tajbakhsh, Nima and Hu, Yufei and Cao, Junli and Yan, Xingjian and Xiao, Yi and Lu, Yong and Liang, Jianming and Terzopoulos, Demetri and Ding, Xiaowei},
  booktitle={2019 IEEE 16th International Symposium on Biomedical Imaging (ISBI 2019)},
  pages={1251--1255},
  year={2019},
  organization={IEEE}
}

@inproceedings{sun2017revisiting,
  title={Revisiting unreasonable effectiveness of data in deep learning era},
  author={Sun, Chen and Shrivastava, Abhinav and Singh, Saurabh and Gupta, Abhinav},
  booktitle={Proceedings of the IEEE international conference on computer vision},
  pages={843--852},
  year={2017}
}

@inproceedings{hendrycks2019using,
  title={Using self-supervised learning can improve model robustness and uncertainty},
  author={Hendrycks, Dan and Mazeika, Mantas and Kadavath, Saurav and Song, Dawn},
  booktitle={Advances in Neural Information Processing Systems},
  pages={15637--15648},
  year={2019}
}

@inproceedings{zhang2019aet,
  title={Aet vs. aed: Unsupervised representation learning by auto-encoding transformations rather than data},
  author={Zhang, Liheng and Qi, Guo-Jun and Wang, Liqiang and Luo, Jiebo},
  booktitle={Proceedings of the IEEE Conference on Computer Vision and Pattern Recognition},
  pages={2547--2555},
  year={2019}
}

@inproceedings{caron2019unsupervised,
  title={Unsupervised pre-training of image features on non-curated data},
  author={Caron, Mathilde and Bojanowski, Piotr and Mairal, Julien and Joulin, Armand},
  booktitle={Proceedings of the IEEE International Conference on Computer Vision},
  pages={2959--2968},
  year={2019}
}

@article{roth2015improving,
  title={Improving computer-aided detection using convolutional neural networks and random view aggregation},
  author={Roth, Holger R and Lu, Le and Liu, Jiamin and Yao, Jianhua and Seff, Ari and Cherry, Kevin and Kim, Lauren and Summers, Ronald M},
  journal={IEEE transactions on medical imaging},
  volume={35},
  number={5},
  pages={1170--1181},
  year={2015},
  publisher={IEEE}
}

@inproceedings{roth2014new,
  title={A new 2.5 D representation for lymph node detection using random sets of deep convolutional neural network observations},
  author={Roth, Holger R and Lu, Le and Seff, Ari and Cherry, Kevin M and Hoffman, Joanne and Wang, Shijun and Liu, Jiamin and Turkbey, Evrim and Summers, Ronald M},
  booktitle={International conference on medical image computing and computer-assisted intervention},
  pages={520--527},
  year={2014},
  organization={Springer}
}

@inproceedings{prasoon2013deep,
  title={Deep feature learning for knee cartilage segmentation using a triplanar convolutional neural network},
  author={Prasoon, Adhish and Petersen, Kersten and Igel, Christian and Lauze, Fran{\c{c}}ois and Dam, Erik and Nielsen, Mads},
  booktitle={International conference on medical image computing and computer-assisted intervention},
  pages={246--253},
  year={2013},
  organization={Springer}
}

@incollection{ben2016fully,
  title={Fully convolutional network for liver segmentation and lesions detection},
  author={Ben-Cohen, Avi and Diamant, Idit and Klang, Eyal and Amitai, Michal and Greenspan, Hayit},
  booktitle={Deep learning and data labeling for medical applications},
  pages={77--85},
  year={2016},
  publisher={Springer}
}

@article{sun2017multiphase,
  title={Automatic segmentation of liver tumors from multiphase contrast-enhanced CT images based on FCNs},
  author={Sun, Changjian and Guo, Shuxu and Zhang, Huimao and Li, Jing and Chen, Meimei and Ma, Shuzhi and Jin, Lanyi and Liu, Xiaoming and Li, Xueyan and Qian, Xiaohua},
  journal={Artificial intelligence in medicine},
  volume={83},
  pages={58--66},
  year={2017},
  publisher={Elsevier}
}

@article{gibson2018automatic,
  title={Automatic multi-organ segmentation on abdominal CT with dense v-networks},
  author={Gibson, Eli and Giganti, Francesco and Hu, Yipeng and Bonmati, Ester and Bandula, Steve and Gurusamy, Kurinchi and Davidson, Brian and Pereira, Stephen P and Clarkson, Matthew J and Barratt, Dean C},
  journal={IEEE transactions on medical imaging},
  volume={37},
  number={8},
  pages={1822--1834},
  year={2018},
  publisher={IEEE}
}

@article{rawat2017deep,
  title={Deep convolutional neural networks for image classification: A comprehensive review},
  author={Rawat, Waseem and Wang, Zenghui},
  journal={Neural computation},
  volume={29},
  number={9},
  pages={2352--2449},
  year={2017},
  publisher={MIT Press}
}

@article{voulodimos2018deep,
  title={Deep learning for computer vision: A brief review},
  author={Voulodimos, Athanasios and Doulamis, Nikolaos and Doulamis, Anastasios and Protopapadakis, Eftychios},
  journal={Computational intelligence and neuroscience},
  volume={2018},
  year={2018},
  publisher={Hindawi}
}

@inproceedings{standley2020tasks,
  title={Which tasks should be learned together in multi-task learning?},
  author={Standley, Trevor and Zamir, Amir and Chen, Dawn and Guibas, Leonidas and Malik, Jitendra and Savarese, Silvio},
  booktitle={International Conference on Machine Learning},
  pages={9120--9132},
  year={2020},
  organization={PMLR}
}

@article{dosovitskiy2015discriminative,
  title={Discriminative unsupervised feature learning with exemplar convolutional neural networks},
  author={Dosovitskiy, Alexey and Fischer, Philipp and Springenberg, Jost Tobias and Riedmiller, Martin and Brox, Thomas},
  journal={IEEE transactions on pattern analysis and machine intelligence},
  volume={38},
  number={9},
  pages={1734--1747},
  year={2015},
  publisher={IEEE}
}

@inproceedings{noroozi2018boosting,
  title={Boosting self-supervised learning via knowledge transfer},
  author={Noroozi, Mehdi and Vinjimoor, Ananth and Favaro, Paolo and Pirsiavash, Hamed},
  booktitle={Proceedings of the IEEE Conference on Computer Vision and Pattern Recognition},
  pages={9359--9367},
  year={2018}
}

@inproceedings{doersch2017multi,
  title={Multi-task self-supervised visual learning},
  author={Doersch, Carl and Zisserman, Andrew},
  booktitle={Proceedings of the IEEE International Conference on Computer Vision},
  pages={2051--2060},
  year={2017}
}

@article{wu2020generalization,
  title={On the Generalization Effects of Linear Transformations in Data Augmentation},
  author={Wu, Sen and Zhang, Hongyang R and Valiant, Gregory and R{\'e}, Christopher},
  journal={arXiv preprint arXiv:2005.00695},
  year={2020}
}

@inproceedings{goyal2019scaling,
  title={Scaling and benchmarking self-supervised visual representation learning},
  author={Goyal, Priya and Mahajan, Dhruv and Gupta, Abhinav and Misra, Ishan},
  booktitle={Proceedings of the IEEE International Conference on Computer Vision},
  pages={6391--6400},
  year={2019}
}

@article{graham2014fractional,
  title={Fractional max-pooling},
  author={Graham, Benjamin},
  journal={arXiv preprint arXiv:1412.6071},
  year={2014}
}

@article{jing2020self,
  title={Self-supervised visual feature learning with deep neural networks: A survey},
  author={Jing, Longlong and Tian, Yingli},
  journal={IEEE Transactions on Pattern Analysis and Machine Intelligence},
  year={2020},
  publisher={IEEE}
}

@article{taleb20203d,
  title={3D Self-Supervised Methods for Medical Imaging},
  author={Taleb, Aiham and Loetzsch, Winfried and Danz, Noel and Severin, Julius and Gaertner, Thomas and Bergner, Benjamin and Lippert, Christoph},
  journal={arXiv preprint arXiv:2006.03829},
  year={2020}
}

@inproceedings{kolesnikov2019revisiting,
  title={Revisiting self-supervised visual representation learning},
  author={Kolesnikov, Alexander and Zhai, Xiaohua and Beyer, Lucas},
  booktitle={Proceedings of the IEEE conference on Computer Vision and Pattern Recognition},
  pages={1920--1929},
  year={2019}
}

@article{gibson2018niftynet,
  title={NiftyNet: a deep-learning platform for medical imaging},
  author={Gibson, Eli and Li, Wenqi and Sudre, Carole and Fidon, Lucas and Shakir, Dzhoshkun I and Wang, Guotai and Eaton-Rosen, Zach and Gray, Robert and Doel, Tom and Hu, Yipeng and others},
  journal={Computer methods and programs in biomedicine},
  volume={158},
  pages={113--122},
  year={2018},
  publisher={Elsevier}
}

@inproceedings{carreira2017quo,
  title={Quo vadis, action recognition? a new model and the kinetics dataset},
  author={Carreira, Joao and Zisserman, Andrew},
  booktitle={Proceedings of the IEEE Conference on Computer Vision and Pattern Recognition},
  pages={6299--6308},
  year={2017}
}

@inproceedings{pathak2016context,
  title={Context encoders: Feature learning by inpainting},
  author={Pathak, Deepak and Krahenbuhl, Philipp and Donahue, Jeff and Darrell, Trevor and Efros, Alexei A},
  booktitle={Proceedings of the IEEE Conference on Computer Vision and Pattern Recognition},
  pages={2536--2544},
  year={2016}
}

@article{chen2019self,
  title={Self-supervised learning for medical image analysis using image context restoration},
  author={Chen, Liang and Bentley, Paul and Mori, Kensaku and Misawa, Kazunari and Fujiwara, Michitaka and Rueckert, Daniel},
  journal={Medical image analysis},
  volume={58},
  pages={101539},
  year={2019},
  publisher={Elsevier}
}

@article{iizuka2017globally,
  title={Globally and locally consistent image completion},
  author={Iizuka, Satoshi and Simo-Serra, Edgar and Ishikawa, Hiroshi},
  journal={ACM Transactions on Graphics (ToG)},
  volume={36},
  number={4},
  pages={107},
  year={2017},
  publisher={ACM}
}

@article{vincent2010stacked,
  title={Stacked denoising autoencoders: Learning useful representations in a deep network with a local denoising criterion},
  author={Vincent, Pascal and Larochelle, Hugo and Lajoie, Isabelle and Bengio, Yoshua and Manzagol, Pierre-Antoine},
  journal={Journal of machine learning research},
  volume={11},
  number={Dec},
  pages={3371--3408},
  year={2010}
}

@article{kang2017patchshuffle,
  title={Patchshuffle regularization},
  author={Kang, Guoliang and Dong, Xuanyi and Zheng, Liang and Yang, Yi},
  journal={arXiv preprint arXiv:1707.07103},
  year={2017}
}

@book{mortenson1999mathematics,
  title={Mathematics for computer graphics applications},
  author={Mortenson, Michael E},
  year={1999},
  publisher={Industrial Press Inc.}
}

@book{forbes2012human,
  title={Human body composition: growth, aging, nutrition, and activity},
  author={Forbes, Gilbert B},
  year={2012},
  publisher={Springer Science \& Business Media}
}

@incollection{buzug2011computed,
  title={Computed tomography},
  author={Buzug, Thorsten M},
  booktitle={Springer Handbook of Medical Technology},
  pages={311--342},
  year={2011},
  publisher={Springer}
}

@article{national2011reduced,
  title={Reduced lung-cancer mortality with low-dose computed tomographic screening},
  author={NLST},
  journal={New England Journal of Medicine},
  volume={365},
  number={5},
  pages={395--409},
  year={2011},
  publisher={Mass Medical Soc}
}

@article{armato2011lung,
  title={The lung image database consortium (LIDC) and image database resource initiative (IDRI): a completed reference database of lung nodules on CT scans},
  author={Armato III, Samuel G and McLennan, Geoffrey and Bidaut, Luc and McNitt-Gray, Michael F and Meyer, Charles R and Reeves, Anthony P and Zhao, Binsheng and Aberle, Denise R and Henschke, Claudia I and Hoffman, Eric A and others},
  journal={Medical physics},
  volume={38},
  number={2},
  pages={915--931},
  year={2011},
  publisher={Wiley Online Library}
}

@article{shin2016deep,
  title={Deep convolutional neural networks for computer-aided detection: {CNN} architectures, dataset characteristics and transfer learning},
  author={Shin, Hoo-Chang and Roth, Holger R and Gao, Mingchen and Lu, Le and Xu, Ziyue and Nogues, Isabella and Yao, Jianhua and Mollura, Daniel and Summers, Ronald M},
  journal={IEEE transactions on medical imaging},
  volume={35},
  number={5},
  pages={1285--1298},
  year={2016},
  publisher={IEEE}
}

@InProceedings{zhou2019models,
  author="Zhou, Zongwei and Sodha, Vatsal and Rahman Siddiquee, Md Mahfuzur and Feng, Ruibin and Tajbakhsh, Nima and Gotway, Michael B. and Liang, Jianming",
  title="Models Genesis: Generic Autodidactic Models for 3D Medical Image Analysis",
  booktitle="Medical Image Computing and Computer Assisted Intervention -- MICCAI 2019",
  year="2019",
  publisher="Springer International Publishing",
  address="Cham",
  pages="384--393",
  isbn="978-3-030-32251-9",
  url="https://link.springer.com/chapter/10.1007/978-3-030-32251-9_42"
}

@article{chen2019med3d,
  title={Med3D: Transfer Learning for 3D Medical Image Analysis},
  author={Chen, Sihong and Ma, Kai and Zheng, Yefeng},
  journal={arXiv preprint arXiv:1904.00625},
  year={2019}
}

@article{bilic2019liver,
  title={The Liver Tumor Segmentation Benchmark (LiTS)},
  author={Bilic, Patrick and Christ, Patrick Ferdinand and Vorontsov, Eugene and Chlebus, Grzegorz and Chen, Hao and Dou, Qi and Fu, Chi-Wing and Han, Xiao and Heng, Pheng-Ann and Hesser, J{\"u}rgen and others},
  journal={arXiv preprint arXiv:1901.04056},
  year={2019}
}

@article{zhou2019unet++,
  title={Unet++: Redesigning skip connections to exploit multiscale features in image segmentation},
  author={Zhou, Zongwei and Siddiquee, Md Mahfuzur Rahman and Tajbakhsh, Nima and Liang, Jianming},
  journal={IEEE transactions on medical imaging},
  volume={39},
  number={6},
  pages={1856--1867},
  year={2019},
  publisher={IEEE}
}

@article{falk2019u,
  title={U-Net: deep learning for cell counting, detection, and morphometry},
  author={Falk, Thorsten and Mai, Dominic and Bensch, Robert and {\c{C}}i{\c{c}}ek, {\"O}zg{\"u}n and Abdulkadir, Ahmed and Marrakchi, Yassine and B{\"o}hm, Anton and Deubner, Jan and J{\"a}ckel, Zoe and Seiwald, Katharina and others},
  journal={Nature methods},
  volume={16},
  number={1},
  pages={67--70},
  year={2019},
  publisher={Nature Publishing Group}
}

@article{haghighi2021transferable,
  title={Transferable Visual Words: Exploiting the Semantics of Anatomical Patterns for Self-supervised Learning},
  author={Haghighi, Fatemeh and Taher, Mohammad Reza Hosseinzadeh and Zhou, Zongwei and Gotway, Michael B and Liang, Jianming},
  journal={IEEE Transactions on Medical Imaging},
  year={2021},
  publisher={IEEE}
}

@inproceedings{he2015delving,
  title={Delving deep into rectifiers: Surpassing human-level performance on imagenet classification},
  author={He, Kaiming and Zhang, Xiangyu and Ren, Shaoqing and Sun, Jian},
  booktitle={Proceedings of the IEEE Conference on Computer Vision and Pattern Recognition},
  pages={1026--1034},
  year={2015}
}

@inproceedings{glorot2010understanding,
  title={Understanding the difficulty of training deep feedforward neural networks},
  author={Glorot, Xavier and Bengio, Yoshua},
  booktitle={Proceedings of the Thirteenth International Conference on Artificial Intelligence and Statistics},
  pages={249--256},
  year={2010}
}

% Chapter 5: Interpretation

@article{calder2005mortality,
  title={The mortality of untreated pulmonary embolism in emergency department patients},
  author={Calder, Kirsten K and Herbert, Mel and Henderson, Sean O},
  journal={Annals of emergency medicine},
  volume={45},
  number={3},
  pages={302--310},
  year={2005},
  publisher={Elsevier}
}

@article{rubin2015characterizing,
  title={Characterizing search, recognition, and decision in the detection of lung nodules on CT scans: elucidation with eye tracking},
  author={Rubin, Geoffrey D and Roos, Justus E and Tall, Martin and Harrawood, Brian and Bag, Sukantadev and Ly, Donald L and Seaman, Danielle M and Hurwitz, Lynne M and Napel, Sandy and Roy Choudhury, Kingshuk},
  journal={Radiology},
  volume={274},
  number={1},
  pages={276--286},
  year={2015},
  publisher={Radiological Society of North America}
}

@article{sadigh2011challenges,
  title={Challenges, controversies, and hot topics in pulmonary embolism imaging},
  author={Sadigh, Gelareh and Kelly, Aine Marie and Cronin, Paul},
  journal={American Journal of Roentgenology},
  volume={196},
  number={3},
  pages={497--515},
  year={2011},
  publisher={Am Roentgen Ray Soc}
}

@article{weikert2020automated,
  title={Automated detection of pulmonary embolism in CT pulmonary angiograms using an AI-powered algorithm},
  author={Weikert, Thomas and Winkel, David J and Bremerich, Jens and Stieltjes, Bram and Parmar, Victor and Sauter, Alexander W and Sommer, Gregor},
  journal={European Radiology},
  volume={30},
  number={12},
  pages={6545--6553},
  year={2020},
  publisher={Springer}
}

@article{hutchinson2015overdiagnosis,
  title={Overdiagnosis of pulmonary embolism by pulmonary CT angiography},
  author={Hutchinson, Barry Donald and Navin, Patrick and Marom, Edith M and Truong, Mylene T and Bruzzi, John F},
  journal={American Journal of Roentgenology},
  volume={205},
  number={2},
  pages={271--277},
  year={2015},
  publisher={Am Roentgen Ray Soc}
}

@article{pauley2019age,
  title={Age-stratified national trends in pulmonary embolism admissions},
  author={Pauley, Eric and Orgel, Ryan and Rossi, Joseph S and Strassle, Paula D},
  journal={Chest},
  volume={156},
  number={4},
  pages={733--742},
  year={2019},
  publisher={Elsevier}
}

@article{martin2020time,
  title={Time trends in pulmonary embolism mortality rates in the United States, 1999 to 2018},
  author={Martin, Karlyn A and Molsberry, Rebecca and Cuttica, Michael J and Desai, Kush R and Schimmel, Daniel R and Khan, Sadiya S},
  journal={Journal of the American Heart Association},
  volume={9},
  number={17},
  pages={e016784},
  year={2020},
  publisher={Am Heart Assoc}
}

@article{horlander2003pulmonary,
  title={Pulmonary embolism mortality in the United States, 1979-1998: an analysis using multiple-cause mortality data},
  author={Horlander, Kenneth T and Mannino, David M and Leeper, Kenneth V},
  journal={Archives of internal medicine},
  volume={163},
  number={14},
  pages={1711--1717},
  year={2003},
  publisher={American Medical Association}
}

@inproceedings{fairfield1990toboggan,
  title={Toboggan contrast enhancement for contrast segmentation},
  author={Fairfield, John},
  booktitle={[1990] Proceedings. 10th International Conference on Pattern Recognition},
  volume={1},
  pages={712--716},
  year={1990},
  organization={IEEE}
}

@article{raghu2019transfusion,
  title={Transfusion: Understanding transfer learning for medical imaging},
  author={Raghu, Maithra and Zhang, Chiyuan and Kleinberg, Jon and Bengio, Samy},
  journal={arXiv preprint arXiv:1902.07208},
  year={2019}
}

@article{blackmon2011computer,
  title={Computer-aided detection of pulmonary embolism at CT pulmonary angiography: can it improve performance of inexperienced readers?},
  author={Blackmon, Kevin N and Florin, Charles and Bogoni, Luca and McCain, Joshua W and Koonce, James D and Lee, Heon and Bastarrika, Gorka and Thilo, Christian and Costello, Philip and Salganicoff, Marcos and others},
  journal={European radiology},
  volume={21},
  number={6},
  pages={1214--1223},
  year={2011},
  publisher={Springer}
}

@article{wittenberg2013computed,
  title={Computed tomography pulmonary angiography in acute pulmonary embolism: the effect of a computer-assisted detection prototype used as a concurrent reader},
  author={Wittenberg, Rianne and Peters, Joost F and van den Berk, Inge AH and Freling, Nicole JM and Lely, Rutger and de Hoop, Bartjan and Horsthuis, Karin and Ravesloot, C{\'e}cile J and Weber, Michael and Prokop, W Mathias and others},
  journal={Journal of thoracic imaging},
  volume={28},
  number={5},
  pages={315--321},
  year={2013},
  publisher={LWW}
}

@article{wittenberg2011impact,
  title={Impact of image quality on the performance of computer-aided detection of pulmonary embolism},
  author={Wittenberg, Rianne and Peters, Joost F and Sonnemans, Jeroen J and Bipat, Shandra and Prokop, Mathias and Schaefer-Prokop, Cornelia M},
  journal={American Journal of Roentgenology},
  volume={196},
  number={1},
  pages={95--101},
  year={2011},
  publisher={Am Roentgen Ray Soc}
}

@article{das2008computer,
  title={Computer-aided detection of pulmonary embolism: influence on radiologistsâ€™ detection performance with respect to vessel segments},
  author={Das, Marco and M{\"u}hlenbruch, Georg and Helm, Anita and Bakai, Annemarie and Salganicoff, Marcos and Stanzel, Sven and Liang, Jianming and Wolf, Matthias and G{\"u}nther, Rolf W and Wildberger, Joachim Ernst},
  journal={European radiology},
  volume={18},
  number={7},
  pages={1350--1355},
  year={2008},
  publisher={Springer}
}

@article{gonzalez2020computer,
  title={Computer Aided Detection for Pulmonary Embolism Challenge (CAD-PE)},
  author={Gonz{\'a}lez, Germ{\'a}n and Jimenez-Carretero, Daniel and Rodr{\'\i}guez-L{\'o}pez, Sara and Cano-Espinosa, Carlos and Cazorla, Miguel and Agarwal, Tanya and Agarwal, Vinit and Tajbakhsh, Nima and Gotway, Michael B and Liang, Jianming and others},
  journal={arXiv preprint arXiv:2003.13440},
  year={2020}
}

% Chapter 6: Conclusion

@inproceedings{liu2020labels,
  title={Are labels necessary for neural architecture search?},
  author={Liu, Chenxi and Doll{\'a}r, Piotr and He, Kaiming and Girshick, Ross and Yuille, Alan and Xie, Saining},
  booktitle={European Conference on Computer Vision},
  pages={798--813},
  year={2020},
  organization={Springer}
}

@article{lake2015human,
  title={Human-level concept learning through probabilistic program induction},
  author={Lake, Brenden M and Salakhutdinov, Ruslan and Tenenbaum, Joshua B},
  journal={Science},
  volume={350},
  number={6266},
  pages={1332--1338},
  year={2015},
  publisher={American Association for the Advancement of Science}
}

@mastersthesis{oftedal2019uncertainty,
  title={Uncertainty Measures and Transfer Learning in Active Learning for Text Classification},
  author={Oftedal, Tina Olivia S{\o}rlie},
  year={2019},
  school={NTNU}
}

@article{huang2019cost,
  title={Cost-Effective Vehicle Type Recognition in Surveillance Images With Deep Active Learning and Web Data},
  author={Huang, Yue and Liu, Zhenwei and Jiang, Minghui and Yu, Xian and Ding, Xinghao},
  journal={IEEE Transactions on Intelligent Transportation Systems},
  year={2019},
  publisher={IEEE}
}

@inproceedings{guo2019streaming,
  title={Streaming session-based recommendation},
  author={Guo, Lei and Yin, Hongzhi and Wang, Qinyong and Chen, Tong and Zhou, Alexander and Quoc Viet Hung, Nguyen},
  booktitle={Proceedings of the 25th ACM SIGKDD International Conference on Knowledge Discovery \& Data Mining},
  pages={1569--1577},
  year={2019},
  organization={ACM}
}

@article{guo2021first,
  title={First-Arrival Picking for Microseismic Monitoring Based on Deep Learning},
  author={Guo, Xiaolong},
  journal={International Journal of Geophysics},
  volume={2021},
  year={2021},
  publisher={Hindawi}
}

@article{di2021color,
  title={Color-UNet++: A resolution for colorization of grayscale images using improved UNet++},
  author={Di, Yide and Zhu, Xiaoke and Jin, Xin and Dou, Qiwei and Zhou, Wei and Duan, Qing},
  journal={Multimedia Tools and Applications},
  pages={1--20},
  year={2021},
  publisher={Springer}
}

@article{jia2021moon,
  title={Moon Impact Crater Detection Using Nested Attention Mechanism Based UNet++},
  author={Jia, Yutong and Liu, Lei and Zhang, Chenyang},
  journal={IEEE Access},
  volume={9},
  pages={44107--44116},
  year={2021},
  publisher={IEEE}
}

@article{zhou2021review,
  title={A review of deep learning in medical imaging: Imaging traits, technology trends, case studies with progress highlights, and future promises},
  author={Zhou, S Kevin and Greenspan, Hayit and Davatzikos, Christos and Duncan, James S and van Ginneken, Bram and Madabhushi, Anant and Prince, Jerry L and Rueckert, Daniel and Summers, Ronald M},
  journal={Proceedings of the IEEE},
  year={2021},
  publisher={IEEE}
}

% Appendix 1: Data

@inproceedings{wang2017chestx,
  title={Chestx-ray8: Hospital-scale chest x-ray database and benchmarks on weakly-supervised classification and localization of common thorax diseases},
  author={Wang, Xiaosong and Peng, Yifan and Lu, Le and Lu, Zhiyong and Bagheri, Mohammadhadi and Summers, Ronald M},
  booktitle={Proceedings of the IEEE conference on computer vision and pattern recognition},
  pages={2097--2106},
  year={2017}
}